%% This BibTeX bibliography file was created using BibDesk.
%% http://bibdesk.sourceforge.net/


%% Created for Luca Di Gaspero at 2010-10-25 23:42:23 +0200 


%% Saved with string encoding Unicode (UTF-8) 



@book{AaLe97,
	Address = {Chichester},
	Author = {Emile Aarts and Jan Karel Lenstra},
	Publisher = JWS,
	Title = {Local Search in Combinatorial Optimization},
	Year = {1997}}

@incollection{AaKL97,
	Address = {Chichester},
	Author = {Aarts, E. H. and J. Korst and {van Laarhoven}, P. J.},
	Booktitle = {Local Search in Combinatorial Optimization},
	Editor = {Aarts, E. H. and Lenstra, J. K.},
	Publisher = JWS,
	Title = {Simulated Annealing},
	Year = {1997}}

@article{BMPR10,
	Affiliation = {Automated Scheduling, Optimisation and Planning Group, School of Computer Science, The University of Nottingham, Nottingham, NG8 1BB UK},
	Author = {Burke, Edmund and Mare{\v c}ek, Jakub and Parkes, Andrew and Rudov\'a, Hana},
	Issn = {0254-5330},
	Number = {1},
	Journal = AOR,
	Keyword = {Computer Science},
	Pages = {105-130},
	Publisher = {Springer Netherlands},
	Title = {A supernodal formulation of vertex colouring with applications in course timetabling},
	Volume = {179},
	Year = {2010},
	Bdsk-Url-1 = {http://dx.doi.org/10.1007/s10479-010-0716-z}}

@article{BBNP03,
	Author = {Burke, Edmund and Bykov, Yuri and Newall, James and Petrovi\'c, Sanja},
	Date-Modified = {2010-10-13 16:59:31 +0200},
	Journal = {Yugoslav Journal of Operations Research},
	Number = 2,
	Pages = {139--151},
	Title = {A time-predefined approach to course timetabling},
	Volume = 13,
	Year = 2003}

@article{BrHu10,
	Affiliation = {Eindhoven University of Technology Department of Mathematics and Computer Science Den Dolech 2 5600 MB Eindhoven The Netherlands},
	Author = {Broek, van den J. J. J. and Hurkens, C. A. J.},
	Issn = {0254-5330},
	Journal = AOR,
	Keyword = {Computer Science},
	Pages = {1-16},
	Publisher = {Springer Netherlands},
	Title = {An {IP}-based heuristic for the post enrolment course timetabling problem of the {ITC2007}},
	URL = {http://dx.doi.org/10.1007/s10479-010-0708-z},
	Year = 2010,
	Bdsk-Url-1 = {http://dx.doi.org/10.1007/s10479-010-0708-z}}

@article{Lewi10,
	Author = {Rhyd Lewis},
	Issn = {0254-5330},
	Journal = AOR,
	Keyword = {Computer Science},
	Pages = {1-17},
	Publisher = {Springer Netherlands},
	Title = {A time-dependent metaheuristic algorithm for post enrolment-based course timetabling},
	Url = {http://dx.doi.org/10.1007/s10479-010-0696-z},
	Year = 2010,
	Bdsk-Url-1 = {http://dx.doi.org/10.1007/s10479-010-0696-z}}

@article{BDDS12,
	Author = {Bonutti, Alex and De Cesco, Fabio and Di Gaspero, Luca and Schaerf, Andrea},
    Url = {http://dx.doi.org/10.1007/s10479-010-0707-0},
	Journal = AOR,
	Title = {Benchmarking curriculum-based course timetabling: formulations, data formats, instances, validation, visualization, and results},
	Year = 2012,
volume = 194,
number = 1,
pages = "59-70"
}

@article{Geig12,
	Author = {Geiger, Martin J.},
	Journal = AOR,
	Title = {Applying the threshold accepting metaheuristic to curriculum based course timetabling},
	Year = 2012,
volume = 194,
number = 1,
pages = "189-202"

}

@incollection{AbBM07,
	Author = {S. Abdullah and Burke, E. K. and B. McCollum},
	Booktitle = {Metaheuristics - Progress in Complex Systems Optimization},
	Editor = {Doerner, K.F. and others},
	Editoresteso = {Doerner, K.F. and M. Gendreau and P. Greistorfer and Gutjahr, W.J. and Hartl, R.F. and M. Reimann},
	Pages = {153--169},
	Series = {Springer Operations Research / Computer Science Interfaces Book},
	Title = {Using a Randomised Iterative Improvement Algorithm with Composite Neighbourhood Structures for the University Course Timetabling Problem},
	Year = 2007}

@article{AbMo89,
	Author = {Abramson, Bruce and Yung, Moti},
	Journal = {Journal of Parallel and Distributed Computing},
	Pages = {649-662},
	Title = {Divide and Conquer under Global Constraints: A Solution to the {$N$}-Queens Problem},
	Volume = 6,
	Year = {1989}}

@article{SoGu94,
	Author = {R. Sosic and J. Gu},
	Issn = {1041-4347},
	Journal = {IEEE Transactions on Knowledge and Data Engineering},
	Number = {5},
	Pages = {661--668},
	Title = {Efficient Local Search with Conflict Minimization: A Case Study of the n-Queens Problem},
	Volume = {6},
	Year = {1994}}

@article{Abra91,
	Author = {D. Abramson},
	Journal = MS,
	Number = {1},
	Pages = {98--113},
	Title = {Constructing school timetables using simulated annealing: sequential and parallel algorithms},
	Volume = {37},
	Year = {1991}}

@article{Abra92,
	Author = {D. Abramson},
	Journal = {{IEEE} Computer},
	Pages = {27--36},
	Title = {A Very High Speed Architecture for Simulated Annealing},
	Volume = {May},
	Year = {1992}}

@article{AdBZ88,
	Author = {J. Adam and E. Balas and D. Zawack},
	Journal = MS,
	Pages = {391--401},
	Title = {The Shifting Bottleneck Procedure for Job Shop Scheduling},
	Volume = {34},
	Year = 1988}

@article{AhOS00,
	Author = {Ahuja, R. K. and Orin, J. B. and D. Sharma},
	Journal = {International Transactions in Operations Research},
	Pages = {301--317},
	Title = {Very large scale neighborhood search},
	Volume = {7},
	Year = 2000}

@inproceedings{AlMi96,
	Author = {Allen, John A. and Minton, Steven},
	Booktitle = {Proceedings of the Canadian AI Conference},
	Title = {Selecting the right heuristic algorithm: Runtime performance predictors},
	Year = 1996}

@article{AlMT96,
	Author = {Alvarez-Valdes, R. and Martin, G. and Tamarit, J.M.},
	Journal = JORS,
	Title = {Constructing good solutions for the {S}panish school timetabling problem},
	Volume = {47},
	Year = {1996}}

@inproceedings{AnCR97,
	Author = {Andreatta, Alexandre A. and Carvalho, S\'ergio E. R. and Ribeiro, Celso C.},
	Booktitle = {Proc.\ of the 2nd Metaheuristics International Conference},
	Title = {A framework for the development of local search heuristics for combinatorial optimization problems},
	Year = 1997}

@incollection{AnCR02,
	Address = KAP-addr,
	Author = {Andreatta, Alexandre A. and Carvalho, S\'ergio E. R. and Ribeiro, Celso C.},
	Booktitle = OSCL,
	Editor = OSCL-ed,
	Publisher = KAP,
	Series = {OR/CS series},
	Title = {A framework for Local Search heuristics for combinatorial optimization problems},
	Year = 2002}

@article{AMVV06,
	Author = {Anagnostopoulos, A. and Michel, L. and Van Hentenryck, P. and Vergados, Y.},
	Journal = JS,
	Number = {2},
	Pages = {177--193},
	Title = {A Simulated Annealing Approach to the Traveling Tournament Problem},
	Volume = {9},
	Year = {2006}}

@article{ApCo91,
	Author = {D. Applegate and W. Cook},
	Journal = JC,
	Pages = {149--156},
	Title = {A Computational Study of the Job-Shop Scheduling Problem},
	Volume = {3},
	Year = {1991}}

@inproceedings{ApSc97,
	Author = {Apt, Krzysztof R. and Schaerf, Andrea},
	Booktitle = {Proc.\ of the 24th Annual ACM SIGPLAN-SIGACT Symposium on Principles of Programming Languages (POPL-97)},
	Pages = {67--79},
	Title = {Search and Imperative Programming},
	Year = {1997}}

@inproceedings{ApSc98,
	Author = {Apt, Krzysztof R. and Schaerf, Andrea},
	Booktitle = {Proc.\ of Frontiers of Combining Systems 2 (invited paper)},
	Editor = {Gabbay, D. M. and de Rijke, M.},
	Pages = {1--16},
	Publisher = {Research Studies Press Ltd},
	Title = {Programming in \textsf{Alma-0}, or Imperative and Declarative Programming Reconciled},
	Year = 2000}

@incollection{ApSc99,
	Author = {Apt, Krzysztof R. and Schaerf, Andrea},
	Booktitle = {Correct System Design},
	Editor = {E.-R. Olderog and R. Steffen},
	Note = {to appear},
	Publisher = {Springer-Verlag},
	Series = {Lecture Notes in Computer Science},
	Title = {The \textsf{Alma} Project, or How First-Order Logic Can Help Us in Imperative Programming},
	Year = 1999}

@techreport{ABPS97,
	Address = {Amsterdam, The Netherlands},
	Author = {Apt, Krzysztof R. and Brunekreef, Jacob and Partington, Vincent and Schaerf, Andrea},
	Institution = CWI,
	Note = {Available at \url{http://www.cwi.nl/alma}},
	Title = {\textsf{Alma-0}: An Imperative Language that Supports Declarative Programming},
	Year = 1997}

@article{ABPS98,
	Author = {Apt, Krzysztof R. and Brunekreef, Jacob and Partington, Vincent and Schaerf, Andrea},
	Journal = TOPLAS,
	Number = 5,
	Pages = {1014--1066},
	Title = {{\sf Alma-0}: An Imperative Language that Supports Declarative Programming},
	Volume = 20,
	Year = 1998}

@inproceedings{ARRU05,
	Author = {Ara\`ujo, Alet\`eia and Rebello, Vinod and Ribeiro, Celso and Urrutia, Sebasti\`an},
	Booktitle = MIC-05,
	Pages = {70--76},
	Title = {A grid implementation of a {GRASP}-{ILS} heuristic for the mirrored traveling tournament problem (extended abstract)},
	Year = 2005}

@article{Aust76,
	Author = {Aust, R. J.},
	Journal = CJ,
	Number = {4},
	Pages = {339--343},
	Title = {An improvement algorithm for school timetabling},
	Volume = {19},
	Year = {1976}}

@article{AvVa05,
	Author = {Pasquale Avella and Igor Vasil'ev},
	Journal = {Journal of Scheduling},
	Pages = {497--514},
	Title = {A Computational Study of a Cutting Plane Algorithm for University Course Timetabling},
	Volume = {8},
	Year = {2005}}

@inproceedings{AzBa94,
	Author = {F. Azevedo and P. Barahona},
	Booktitle = {Proceedings of World Congress on Expert Systems '94},
	Month = jan,
	Title = {Timetabling in Constraint Logic Programming},
	Year = {1994}}

@conference{BDTW93,
	Author = {Bakker, R. R. and Dikker, F. and Tempelman, F. and Wognum, P. M.},
	Booktitle = IJCAI-93,
	Pages = {276--281},
	Publisher = MK,
	Title = {Diagnosing and solving over-determined constraints satisfaction problems},
	Year = 1993}

@article{BaLW92,
	Author = {Balakrishnan, N. and Lucena, A. and Wong, R. T.},
	Journal = COR,
	Number = {5},
	Pages = {353--361},
	Title = {Scheduling Examinations to Reduce Second-order Conflicts},
	Volume = {19},
	Year = 1992}

@article{BGKRS95,
	Author = {R. Barr and B. Golden and J. Kelly and M. Resende and W. Stewart},
	Journal = JH,
	Pages = {9--32},
	Title = {Designing and Reporting on Computational Experiments with Heuristic Methods},
	Volume = {1},
	Year = 1995}

@article{BaOR80,
	Author = {J. Bartholdi and J. Orlin and H. Ratliff},
	Journal = OR,
	Pages = {110--118},
	Title = {Cyclic scheduling via integer programs with circular ones},
	Volume = 28,
	Year = 1980}

@article{Barr65,
	Author = {Barraclough, Elizabeth D.},
	Journal = CJ,
	Pages = {136--146},
	Title = {The application of a digital computer to the construction of timetables},
	Volume = {8},
	Year = {1965}}

@incollection{Batt96,
	Author = {Roberto Battiti},
	Booktitle = {Modern Heuristic Search Methods},
	Editor = {V. J. Rayward-Smith},
	Pages = {61--83},
	Publisher = JWS,
	Title = {Reactive search: Toward self-tuning heuristics},
	Year = {1996}}

@article{BaTe94,
	Author = {Roberto Battiti and Giampiero Tecchiolli},
	Journal = JC,
	Number = {2},
	Pages = {126--140},
	Title = {The reactive tabu search},
	Volume = {6},
	Year = {1994}}

@inproceedings{BSPV02,
	Address = {New York},
	Author = {Mauro Birattari and Thomas St{\"u}tzle and Luis Paquete and Klaus Varrentrapp},
	Booktitle = {GECCO 2002: Proceedings of the Genetic and Evolutionary Computation Conference},
	Date-Modified = {2004-11-30 15:45:32 +0100},
	Editor = {Langdon, W. B. and others},
	Isbn = {1-55860-878-8},
	Month = {9-13 July},
	Notes = {GECCO-2002. A joint meeting of the eleventh International Conference on Genetic Algorithms (ICGA-2002) and the seventh Annual Genetic Programming Conference (GP-2002)},
	Pages = {11--18},
	Publisher = {Morgan Kaufmann Publishers},
	Publisher_Address = {San Francisco, CA 94104, USA},
	Title = {A Racing Algorithm For Configuring Metaheuristics},
	Year = {2002}}

@inproceedings{BSPV02bis,
	Address = {New York},
	Author = {Mauro Birattari and Thomas St{\"u}tzle and Luis Paquete and Klaus Varrentrapp},
	Booktitle = {GECCO 2002: Proceedings of the Genetic and Evolutionary Computation Conference},
	Date-Modified = {2004-11-30 15:45:32 +0100},
	Editor = {W. B. Langdon and E. Cant{\'u}-Paz and K. Mathias and R. Roy and D. Davis and R. Poli and K. Balakrishnan and V. Honavar and G. Rudolph and J. Wegener and L. Bull and M. A. Potter and A. C. Schultz and J. F. Miller and E. Burke and N. Jonoska},
	Isbn = {1-55860-878-8},
	Month = {9-13 July},
	Notes = {GECCO-2002. A joint meeting of the eleventh International Conference on Genetic Algorithms (ICGA-2002) and the seventh Annual Genetic Programming Conference (GP-2002)},
	Pages = {11--18},
	Publisher = {Morgan Kaufmann Publishers},
	Publisher_Address = {San Francisco, CA 94104, USA},
	Title = {A Racing Algorithm For Configuring Metaheuristics},
	Year = {2002}}

@phdthesis{Bira04,
	Address = {Belgium},
	Author = {Mauro Birattari},
	School = {Universit\'e Libre de Bruxelles},
	Title = {The Problem of Tuning Metaheuristics as Seen from a Machine Learning Perspective},
	Year = 2004}

@manual{Bira05,
	Author = {Mauro Birattari},
	Month = {April},
	url = {http://cran.r-project.org/web/packages/race/},
	Title = {The RACE package},
	Year = 2005}

@inproceedings{BeSt01,
	Author = {den Besten, Matthijs and St\"utzle, Thomas},
	Booktitle = MIC-01,
	Editor = {J. Pinho de Sousa},
	Pages = {545--550},
	Title = {Neighborhoods revisited: An Experimental Investigation into the Effectiveness of Variable Neighborhood Descent for Scheduling},
	Year = {2001}}

@article{BlMc79,
	Author = {Bloomfield, S. D. and McScharry, M. M.},
	Journal = Int,
	Pages = {24--31},
	Title = {Preferential course scheduling},
	Volume = {9},
	Year = 1979}

@article{BoDP96,
	Author = {P. Boizumault and Y. Delon and L. Peridy},
	Journal = JLP,
	Number = 2,
	Pages = {217--233},
	Title = {Constraint Logic Programming for Examination Timetabling},
	Volume = 26,
	Year = 1996}

@book{BoGJ99,
	Address = {Reading (Mass.)},
	Author = {Grady Booch and James Rumbaugh and Ivar Jacobson},
	Publisher = AW,
	Title = {The unified modeling language user guide},
	Year = 1999}

@article{Brod64,
	Author = {S. Broder},
	Journal = CACM,
	Key = {examination timetabling, historical},
	Pages = {494--498},
	Title = {Final Examination Scheduling},
	Volume = {7},
	Year = {1964}}

@inproceedings{BBDST95,
	Author = {Bouju, A. and Boyce, J.F. and Dimitropoulos, C.H.D. and vom Scheidt, G. and Taylor, J.G.},
	Booktitle = {Proc. of Applied Decision Technologies (ADT-95)},
	Title = {Tabu search for the radio links frequency assignment problem},
	Year = {1995}}

@inproceedings{BoBB95,
	Author = {Boufflet, Jean Paul and Benouaghram, Ramzi and Boufflet, Genevieve},
	Booktitle = ICPTAT-95,
	Pages = {324--350},
	Title = {An interactive computer aided design},
	Year = {1995}}

@incollection{BoNe96,
	Address = SV-addr,
	Author = {Boufflet, J. P. and Negre, S.},
	Booktitle = ICPTAT-95,
	Pages = {327--344},
	Publisher = SV,
	Series = LNCS,
	Title = {Three Methods Used to Solve an Examination Timetabling Problem},
	Volume = 1153,
	Year = 1996}

@inproceedings{BoMo98,
	Author = {Justin A. Boyan and Andrew W. Moore},
	Booktitle = AAAI-98,
	Publisher = {AAAI Press/MIT Press},
	Title = {Learning Evaluation Functions for Global Optimization and Boolean Satisfiability},
	Year = {1998}}

@inproceedings{BEFW95,
	Author = {Edmund Burke and Dave Elliman and Peter Ford and Rupert Weare},
	Booktitle = ICPTAT-95,
	Pages = {76--90},
	Title = {Examination timetabling in British Universities: a survey},
	Year = {1995}}

@article{BDVV04,
	Author = {Burke, E. K. and De Causmaeker, P. and Vanden Berghe, G. and Van Landeghem, H.},
	Journal = JS,
	Pages = {441--499},
	Title = {The state of the art of nurse rostering},
	Volume = {7},
	Year = {2004}}

@techreport{BMPR07,
	Address = {Nottingham},
	Author = {Burke, Edmund K. and Jakub Mare{\v c}ek and Parkes, Andrew J. and Hana Rudov{\'a}},
	Institution = {The University of Nottingham},
	Number = {{NOTTCS-TR-2007-10}},
	Title = {On a Clique-Based Integer Programming Formulation of Vertex Colouring with Applications in Course Timetabling},
	Url = {http://arxiv.org/abs/0710.3603},
	Year = {2007},
	Bdsk-Url-1 = {http://arxiv.org/abs/0710.3603}}

@inproceedings{BMPR08,
	Address = {Berlin},
	Author = {Burke, Edmund K. and Jakub Mare{\v c}ek and Parkes, Andrew J. and Hana Rudov{\'a}},
	Booktitle = {Operations Research Proceedings 2007},
	Editor = {Stefan Nickel and J{\"o}rg Kalcsics},
	Publisher = {Springer},
	Series = {Operations Research Proceedings},
	Title = {Penalising Patterns in Timetables: Novel Integer Programming Formulations},
	Year = {2008}}

@article{BuRe84,
	Author = {R. E. Burkard and F. Rendl},
	Journal = EJOR,
	Pages = {169--174},
	Title = {A thermodynamically motivated simulation procedure for combinatorial optimization problems},
	Volume = {17},
	Year = {1984}}

@inproceedings{BuPK97,
	Address = SV-addr,
	Author = {E. Burke and P. Pepper and J. Kingston},
	Booktitle = PATAT-97-selected,
	Editor = {E. Burke and M. Carter},
	Pages = {213--222},
	Publisher = SV,
	Series = LNCS,
	Title = {A standard data format for timetabling instances},
	Volume = {1408},
	Year = {1997}}

@proceedings{BuRo95,
	Editor = {E. Burke and P. Ross},
	Publisher = SV,
	Series = LNCS,
	Title = ICPTAT-95,
	Volume = 1153,
	Year = {1995}}

@misc{patat,
	Howpublished = {Series of Conferences},
	Key = {Patat},
	Note = {\url{http://www.asap.cs.nott.ac.uk/ASAP/patat/}},
	Title = {Practice and Theory of Automated Timetabling ({PATAT})}}

@proceedings{BuDe02,
	Editor = {E. Burke and De Causmaecker, P.},
	Publisher = SV,
	Series = LNCS,
	Title = PATAT-2002,
	Volume = 2740,
	Year = 2002}

@proceedings{BuCa97,
	Editor = {E. Burke and M. Carter},
	Publisher = SV,
	Series = LNCS,
	Title = PATAT-97,
	Volume = 1408,
	Year = {1997}}

@proceedings{BuEr00,
	Editor = {E. Burke and W. Erber},
	Publisher = SV,
	Series = LNCS,
	Title = PATAT-2000,
	Volume = 2079,
	Year = {2000}}

@conference{BuEW93,
	Address = {Chambery, France},
	Author = {E. Burke and D. Elliman and R. Weare},
	Booktitle = {{IJCAI-93} {W}orkshop on knowledge-based production, planning, scheduling and control},
	Pages = {42--48},
	Title = {Extensions to a university exam timetabling system},
	Year = {1993}}

@conference{BuEW94,
	Address = {Crimea, Ukraine},
	Author = {E. Burke and D. Elliman and R. Weare},
	Booktitle = {2nd East-West International Conference on Computer Technologies in Education.},
	Title = {A genetic algorithm based university timetabling system},
	Year = {1994}}

@article{BuNe99,
	Author = {E. Burke and J. Newall},
	Journal = EC,
	Number = 1,
	Pages = {63--74},
	Title = {A multi-stage evolutionary algorithm for the timetable problem},
	Volume = 3,
	Year = {1999}}

@conference{BuNW95,
	Author = {E. Burke and J. Newall and R. Weare},
	Booktitle = ICPTAT-95,
	Pages = {241--250},
	Title = {A memetic algorithm for university exam timetabling},
	Year = {1995}}

@article{Busa67,
	Author = {V. A. Busam},
	Journal = CACM,
	Number = {9},
	Pages = {567--569},
	Title = {An Algorithm for Class Scheduling with Section Preference},
	Volume = {10},
	Year = {1967}}

@inproceedings{CPSV99,
	Author = {Marco Cadoli and Luigi Palopoli and Andrea Schaerf and Domenico Vasile},
	Booktitle = PADL-99,
	Editor = {Gopal Gupta},
	Publisher = SV,
	Series = LNCS,
	Title = {{\sc np-spec}: An Executable Specification Language for Solving All Problems in NP},
	Volume = {1551},
	Year = 1999}

@article{CaFT02,
	Author = {A. Caprara and M. Fischetti and P. Toth},
	Journal = OR,
	Pages = {851--861},
	Title = {Modeling and Solving the Train Timetabling Problem},
	Volume = {50},
	Year = {2002}}

@inproceedings{CaDI01,
	Author = {M. Caramia and P. Dell'Olmo and G. F. Italiano},
	Booktitle = {Algorithm Engineering 4th International Workshop (WAE 2000)},
	Editor = {Nher, S. and Wagner, D},
	Pages = {230--241},
	Publisher = SV,
	Series = LNCS,
	Title = {New algorithms for examination timetabling},
	Volume = {1982},
	Year = 1999}

@article{Cern85,
	Author = {\v{C}ern\'{y}, V},
	Journal = {Journal of Optimization Theory and Applications},
	Keywords = {importance sampling,monte carlo optimization,traveling salesman problem},
	Number = {l},
	Pages = {41--51},
	Title = {{Thermodynamical approach to the traveling salesman problem: An efficient simulation algorithm}},
	Volume = {45},
	Year = {1985}}

@misc{CBSR04,
	Author = {M. Chiarandini and M. Birattari and K. Socha and O. Rossi-Doria},
	Note = {Accepted for publication on the Journal of Scheduling},
	Title = {An effective Hybrid Approach for the University Course Timetabling Problem},
	Year = {2004}}

@article{CBSR06,
	Author = {M. Chiarandini and M. Birattari and K. Socha and O. Rossi-Doria},
	Journal = JS,
	Number = {5},
	Pages = {403--432},
	Title = {An effective Hybrid Approach for the University Course Timetabling Problem},
	Volume = {9},
	Year = {2006}}

@inproceedings{SoKS02,
	Author = {Krzysztof Socha and Joshua Knowles and Michael Sampels},
	Booktitle = {Proc.\ of the 3rd International Workshop on Ant Algorithms (ANTS 2002)},
	Extranote = {Data available from: \url{http://iridia.ulb.ac.be/~msampels/tt.data/}},
	Pages = {1--13},
	Publisher = {Springer-Verlag, Berlin, Germany},
	Series = LNCS,
	Title = {A {MAX-MIN} Ant System For the University Timetabling Problem},
	Volume = {2463},
	Year = {2002}}

@inproceedings{ChST00,
	Address = {Konstanz, Germany},
	Author = {Marco Chiarandini and Andrea Schaerf and Fabio Tiozzo},
	Booktitle = PATAT-2000-onsite,
	Pages = {298--302},
	Title = {Solving Employee Timetabling Problems with Flexible Workload using Tabu Search},
	Year = 2000}

@inproceedings{CiDD06,
	Author = {Raffaele Cipriano and Luca Di Gaspero and Agostino Dovier},
	Bibsource = {DBLP, http://dblp.uni-trier.de},
	Booktitle = {Hybrid Metaheuristics},
	Crossref = {DBLP:conf/hm/2006},
	Ee = {http://dx.doi.org/10.1007/11890584_9},
	Pages = {110-123},
	Title = {Hybrid Approaches for Rostering: A Case Study in the Integration of Constraint Programming and Local Search},
	Year = {2006}}

@proceedings{DBLP:conf/hm/2006,
	Bibsource = {DBLP, http://dblp.uni-trier.de},
	Booktitle = {Hybrid Metaheuristics},
	Editor = {Francisco Almeida and Mar\'{\i}a J. Blesa Aguilera and Christian Blum and J. Marcos Moreno-Vega and Melqu\'{\i}ades P{\'e}rez P{\'e}rez and Andrea Roli and Michael Sampels},
	Isbn = {3-540-46384-4},
	Publisher = {Springer},
	Series = {Lecture Notes in Computer Science},
	Title = {Hybrid Metaheuristics, Third International Workshop, HM 2006, Gran Canaria, Spain, October 13-15, 2006, Proceedings},
	Volume = {4030},
	Year = {2006}}

@article{Cole64,
	Author = {A. J. Cole},
	Journal = {Computer Journal},
	Key = {examination timetabling},
	Pages = {117--121},
	Title = {The preparation of examination timetables using a small store computer},
	Volume = {7},
	Year = {1964}}

@incollection{Cain77,
	Author = {Cain, Jr., William O.},
	Booktitle = {Optimal Strategies in Sports},
	Editor = {S. P. Ladany and R. E. Machol},
	Pages = {32--41},
	Publisher = {North-Holland, Amsterdam},
	Title = {The Computer-Assisted Heuristic Approach Used to Schedule the Major League Baseball Clubs},
	Year = {1977}}

@incollection{CaCh76,
	Author = {Robert Thomas Campbell and Der-{S}an Chen},
	Booktitle = {Management Science in Sports},
	Editor = {R. E. Machol and S. P. Ladany and D. G. Morrison},
	Pages = {15--25},
	Publisher = {North-Holland, Amsterdam},
	Title = {A Minimum Distance Basketball Scheduling Problem},
	Year = {1976}}

@inproceedings{CaDe95,
	Author = {F. Carmusciano and De Luca Cardillo, D.},
	Booktitle = ICPTAT-95,
	Pages = {231--243},
	Title = {A simulated annealing with tabu list algorithm for the school timetable problem},
	Year = {1995}}

@article{CaSc92,
	Author = {M. {\v{C}}angalovi\'c and J. A. M. Schreuder},
	Journal = DAM,
	Number = {3},
	Pages = {177--195},
	Title = {Modelling and Solving an Acyclic Multi-period Timetabling Problem},
	Volume = {35},
	Year = {1992}}

@techreport{Cart83,
	Author = {M. W. Carter},
	Institution = {Industrial Engineering, University of Toronto},
	Month = {April},
	Number = {83-06},
	Title = {A decomposition algorithm for pratical timetabilng problems},
	Type = {Working Paper},
	Year = {1983}}

@article{Cart86,
	Author = {M. W. Carter},
	Journal = OR,
	Number = {2},
	Pages = {193--202},
	Title = {A survey of practical applications of examination timetabling algorithms},
	Volume = {34},
	Year = {1986}}

@incollection{Cart00,
	Address = SV-addr,
	Author = {M. W. Carter},
	Booktitle = PATAT-2000-selected,
	Editor = {E. Burke and W. Erben},
	Pages = {64--82},
	Publisher = SV,
	Series = LNCS,
	Title = {A comprehensive course timetabling and student scheduling system at the university of {W}aterloo},
	Volume = 2079,
	Year = {2001}}

@misc{Carterpage,
	Author = {M. W. Carter},
	Howpublished = {URL: \url{ftp://ftp.mie.utoronto.ca/pub/carter/testprob/}},
	Note = {Viewed: July 7, 2009, Updated: June 7, 2005},
	Title = {Carter's test data},
	Year = 2005}

@misc{WATTpage,
	Howpublished = {URL: \url{http://www.asap.cs.nott.ac.uk/watt/}},
	Key = {WATT},
	Note = {Viewed: March 13, 2007, Updated: February 21, 2007},
	Title = {The Web Site of the {EURO} Working Group on Automated Timetabling ({WATT})},
	Year = 2002}

@misc{COLOR04page,
	Howpublished = {URL: \url{http://mat.gsia.cmu.edu/COLOR04}},
	Key = {COLOR04},
	Note = {Viewed: March 13, 2007},
	Title = {The Web Site of Graph Coloring and its Generalization},
	Year = 2004}

@misc{MuMuPage,
	Author = {Tom\'a\v{s} M\"uller and Keith Murray},
	Howpublished = {URL: \url{http://www.unitime.org}},
	Note = {Viewed: July 7, 2009, Updated: August 8, 2008},
	Title = {University Course Timetabling \& Student Scheduling},
	Year = 2008}

@inproceedings{MuMR07,
	Author = {Keith S. Murray and Tom{\'a}\v{s} M{\"u}ller and Hana Rudov{\'a}},
	Booktitle = PATAT-2006-selected,
	Pages = {189-209},
	Title = {Modeling and Solution of a Complex University Course Timetabling Problem},
	Year = {2007}}

@article{CaLC94,
	Author = {M. W. Carter and G. Laporte and J. W. Chinneck},
	Journal = Int,
	Number = {3},
	Pages = {109--120},
	Title = {A General Examination Scheduling System},
	Volume = {24},
	Year = {1994}}

@article{CaLL96,
	Author = {M. W. Carter and G. Laporte and S. Y. Lee},
	Journal = JORS,
	Pages = {373--383},
	Title = {Examination Timetabling: Algorithmic Strategies and Applications},
	Volume = {74},
	Year = {1996}}

@inproceedings{CaLa96,
	Address = SV-addr,
	Author = {M. W. Carter and G. Laporte},
	Booktitle = ICPTAT-95,
	Editor = {E. K. Burke and P. Ross},
	Key = {timetabling, survey},
	Pages = {3--21},
	Publisher = SV,
	Series = LNCS,
	Title = {Recent developments in pratical examination timetabling},
	Volume = {1153},
	Year = {1996}}

@article{CaTo89,
	Author = {M. W. Carter and C. A. Tovey},
	Journal = OR,
	Number = {1S},
	Pages = {28--39},
	Title = {When is the Classroom Assignment Problem Hard?},
	Volume = {40},
	Year = {1989}}

@techreport{CaLa95,
	Author = {Yves Caseau and Fran\c{c}ois Laburthe},
	Institution = {Laboratoire d'informatique de l'\'Ecole Normale Sup\'erieure},
	Number = {95-25},
	Title = {Disjunctive Scheduling with Task Intervals},
	Year = {1995}}

@inproceedings{CaTh03,
	Address = SV-addr,
	Author = {S. Casey and J. Thompson},
	Booktitle = PATAT-2002-selected,
	Editor = {Edmund Burke and Patrick De Causmaecker},
	Pages = {232--244},
	Publisher = SV,
	Series = LNCS,
	Title = {GRASPing the Examination Scheduling Problem},
	Volume = {2740},
	Year = {2003}}

@article{CaHS96,
	Author = {D.J. Castelino and S. Hurley and N.M. Stephens},
	Journal = AOR,
	Pages = {301--319},
	Title = {A tabu search algorithm for frequency assignment},
	Volume = {63},
	Year = {1996}}

@conference{CIKM97,
	Author = {Byungki Cha and Kazuo Iwama and Yahiko Kambayashi and Shuichi Miyazaky},
	Booktitle = AAAI-97,
	Pages = {263--268},
	Publisher = {AAAI Press/MIT Press},
	Title = {Local Search Algorithms for Partial {MAXSAT}},
	Year = {1997}}

@article{ChWe89,
	Author = {N. Chahal and de Werra, D.},
	Journal = EJOR,
	Pages = {32--37},
	Title = {An interactive system for constructing timetables on a {PC}},
	Volume = {40},
	Year = {1989}}

@article{ChHW87,
	Author = {M. Chams and A. Hertz and de Werra, D.},
	Journal = EJOR,
	Pages = {260--266},
	Title = {Some Experiments with Simulated Annealing for Coloring Graphs},
	Volume = {32},
	Year = {1987}}

@inproceedings{CHLS97,
	Author = {H. W. Chan and C. K. Lau and Julian Sheung},
	Booktitle = PATAT-97,
	Pages = {123--131},
	Title = {Practical school timetabling: a hybrid approach using solution synthesis and iterative repair},
	Year = {1997}}

@article{ClEl82,
	Author = {A. T. Clementson and C. H. Elphick},
	Journal = JORS,
	Pages = {181--183},
	Title = {Continuous Timetabling Problems},
	Volume = {33},
	Year = {1982}}

@article{ClEl83,
	Author = {A. T. Clementson and C. H. Elphick},
	Journal = JORS,
	Pages = {503--509},
	Title = {Approximate colouring algorithms for composite graphs},
	Volume = {34},
	Year = {1983}}

@article{Colb83,
	Author = {Charles J. Colbourn},
	Journal = JCT,
	Pages = {100--105},
	Title = {Embedding Partial {S}teiner Triple Systems Is {NP}-Complete},
	Volume = {Series {A} 35},
	Year = {1983}}

@techreport{CoDM90,
	Author = {A. Colorni and M. Dorigo and V. Maniezzo},
	Institution = {Politecnico di Milano, Italy},
	Number = {90-060 revised},
	Title = {A genetic algorithm to solve the timetable problem},
	Year = {1992}}

@conference{CoDM92,
	Author = {A. Colorni and M. Dorigo and V. Maniezzo},
	Booktitle = {NATO-ASI Series - Combinatorial Optimization},
	Pages = {235--239},
	Publisher = {Springer-Verlag},
	Title = {Genetic Algorithms: {A} New Approach to the Timetable Problem},
	Volume = {F82},
	Year = {1992}}

@article{CoDM98,
	Author = {A. Colorni and M. Dorigo and V. Maniezzo},
	Journal = COP,
	Number = {3},
	Pages = {275--298},
	Title = {Metaheuristics for high school timetabling},
	Volume = {9},
	Year = {1998}}

@book{Cono99,
	Address = {New York, NY, USA},
	Author = {W.J. Conover},
	Date-Added = {2004-11-30 17:31:50 +0100},
	Date-Modified = {2004-11-30 17:38:44 +0100},
	Edition = {third},
	Publisher = {John Wiley \& Sons},
	Title = {Practical Nonparametric Statistics},
	Year = {1999}}

@article{CoKi93,
	Author = {T. B. Cooper and J. H. Kingston},
	Journal = CJ,
	Number = {7},
	Pages = {645--653},
	Title = {The solution of real instances of the timetabling problem},
	Volume = {36},
	Year = {1993}}

@inproceedings{CoKi95,
	Author = {T. B. Cooper and J. H. Kingston},
	Booktitle = ICPTAT-95,
	Pages = {283--295},
	Title = {The complexity of Timetable Construction Problems},
	Year = {1995}}

@techreport{CoFM93,
	Author = {D. Corne and H.-L. Fang and C. Mellish},
	Institution = {Department of Artificial Intelligence, University of Edinburgh},
	Number = {622},
	Title = {Solving the modular exam scheduling problem with genetic algorithms},
	Year = {1993}}

@conference{CoRF94,
	Author = {D. Corne and P. Ross and H.-L. Fang},
	Booktitle = {AISB Workshop on Evolutionary Computation},
	Pages = {251--263},
	Series = LNCS,
	Title = {Fast practical evolutionary timetabling},
	Volume = {865},
	Year = {1994}}

@conference{CoRF94b,
	Author = {D. Corne and P. Ross and H.-L. Fang},
	Booktitle = {UK Planning and Scheduling SIG Workshop},
	Title = {Evolutionary timetabling: practice, prospects and work in progress},
	Year = {1994}}

@article{Cost93,
	Author = {D. Costa},
	Journal = AOR,
	Pages = {343--358},
	Title = {On the use of some known methods for T-colorings of graphs},
	Volume = {41},
	Year = {1993}}

@article{Cost94,
	Author = {D. Costa},
	Journal = EJOR,
	Pages = {98--110},
	Title = {A Tabu Search Algorithm for Computing an Operational Timetable},
	Volume = {76},
	Year = {1994}}

@article{Cost95,
	Author = {D. Costa},
	Journal = {INFOR},
	Number = {3},
	Pages = {161--178},
	Title = {An Evolutionary Tabu Search Algorithm and the {NHL} Scheduling Problem},
	Volume = {33},
	Year = {1995}}

@article{CrTG97,
	Author = {Teodor Gabriel Crainic and Michel Toulouse and Michel Gendreau},
	Journal = JCI,
	Number = {1},
	Pages = {61--72},
	Title = {Toward a Taxonomy of Parallel Tabu Search Heuristics},
	Volume = {9},
	Year = {1997}}

@article{CsGo64,
	Author = {J. Csima and C. C. Gotlieb},
	Journal = CACM,
	Number = {3},
	Pages = {160--163},
	Title = {Tests on a computer method for constructing school timetables},
	Volume = {7},
	Year = {1964}}



@inproceedings{DeFS99,
	Author = {De Backer, Bruno and Furnon, Vincent and Shaw, Paul},
	Booktitle = {Workshop On Integration of AI and OR techniques in Constraint Programming for Combinatorial Optimization Problems (CP-AI-OR'99)},
	Title = {An object model for meta-heuristic search in constraint programming},
	Year = {1999}}

@article{DaBH04,
	Author = {S. Daskalaki and T. Birbas and E. Housos},
	Journal = EJOR,
	Pages = {117--135},
	Title = {An integer programming formulation for a case study in university timetabling},
	Volume = {153},
	Year = {2004}}

@article{DePe88,
	Author = {Rina Dechter and Judea Pearl},
	Journal = AIJ,
	Number = {1},
	Pages = {1--38},
	Title = {Network-Based Heuristics for Constraint-Satisfaction Problems},
	Volume = {34},
	Year = {1988}}

@article{DeTr93,
	Author = {Mauro Dell'Amico and Marco Trubian},
	Journal = AOR,
	Pages = {231--252},
	Title = {Applying tabu search to the job-shop scheduling problem},
	Volume = {41},
	Year = {1993}}

@article{DhRa90,
	Author = {Vasant Dhar and Nicky Ranganathan},
	Journal = CACM,
	Number = {3},
	Pages = {323--336},
	Title = {Integer programming vs.\ expert systems: an experimental comparison},
	Volume = {33},
	Year = {1990}}

@article{DiGM94,
	Author = {Jeffrey H. Dinitz and David K. Garnick and Brendan D. McKay},
	Journal = {Journal of Combinatorial Design},
	Pages = {273--285},
	Title = {There are 526,915,620 Nonisomorphic One-factorizations of $K_{12}$},
	Volume = {2},
	Year = {1994}}

@inproceedings{Diga02,
	Author = {Di Gaspero, Luca},
	Booktitle = PATAT-2002-onsite,
	Editor = {E. Burke and P. De Causmaecker},
	Month = {August},
	Pages = {404--407},
	Title = {Recolour, Shake and Kick: a recipe for the Examination Timetabling Problem},
	Year = 2002}

@techreport{DiMS07,
	Address = {Belfast (UK)},
	Author = {Di Gaspero, Luca and McCollum, Barry and Schaerf, Andrea},
	Institution = {Queen's University},
	Month = {August},
	Title = {The Second International Timetabling Competition ({ITC}-2007): Curriculum-based Course Timetabling (Track 3)},
	Year = {2007}}

@inproceedings{DiCS06,
	Address = {Riva del Garda, Italy},
	Author = {Di Gaspero, Luca and Chiarandini, Marco and Schaerf, Andrea},
	Booktitle = ECAI-06,
	Pages = {83--87},
	Title = {A study on the short-term prohibition mechanisms in tabu search},
	Year = {2006}}

@techreport{DiSc00,
	Author = {Di Gaspero, Luca and Andrea Schaerf},
	Institution = DIMI,
	Note = {Available at \url{http://www.diegm.uniud.it/schaerf/projects/local++}},
	Number = {UDMI/13/2000/RR},
	Title = {\textsc{EasyLocal++}: An object-oriented framework for flexible design of local search algorithms},
	Year = 2000}

@article{DiSc03b,
	Author = {Di Gaspero, Luca and Andrea Schaerf},
	Journal = SPE,
	Number = 8,
	Pages = {733--765},
	Title = {\textsc{EasyLocal++}: An object-oriented framework for flexible design of local search algorithms},
	Volume = 33,
	Year = 2003}

@incollection{DiSc00b,
	Address = SV-addr,
	Author = {Di Gaspero, Luca and Andrea Schaerf},
	Booktitle = PATAT-2000-selected,
	Editor = {E. Burke and W. Erben},
	Pages = {104-117},
	Publisher = SV,
	Series = LNCS,
	Title = {Tabu Search Techniques for Examination Timetabling},
	Volume = 2079,
	Year = {2001}}

@incollection{DiSc02,
	Address = KAP-addr,
	Author = {Di Gaspero, Luca and Andrea Schaerf},
	Booktitle = OSCL,
	Editor = OSCL-ed,
	Pages = {155--176},
	Publisher = KAP,
	Series = {OR/CS series},
	Title = {Writing Local Search Algorithms using \textsc{EasyLocal++}},
	Year = {2002}}

@inproceedings{DiSc03,
	Address = SV-addr,
	Author = {Di Gaspero, Luca and Andrea Schaerf},
	Booktitle = PATAT-2002-selected,
	Editor = {Edmund Burke and Patrick De Causmaecker},
	Pages = {262--275},
	Publisher = SV,
	Series = LNCS,
	Title = {Multi-Neighbourhood Local Search with Application to Course Timetabling},
	Volume = {2740},
	Year = {2003}}

@inproceedings{DiSc04,
	Author = {Di Gaspero, Luca and Andrea Schaerf},
	Booktitle = PATAT-2004-onsite,
	Title = {A Multineighbourhood Local Search Solver for the Timetabling Competition TTComp-2002},
	Year = 2004}

@article{DiSc06,
	Author = {Di Gaspero, Luca and Schaerf, Andrea},
	Journal = {Journal of Mathematical Modeling and Algorithms},
	Keywords = {multi-neighborhood, timetabling, local search},
	Number = {1},
	Optnote = {DOI: 10.1007/s10852-005-9032-z},
	Pages = {65--89},
	Title = {Neighborhood Portfolio Approach for Local Search applied to Timetabling Problems},
	Volume = {5},
	Year = 2006}

@article{DiMi04,
	Author = {Dimopoulou, M and Milotis, P},
	Journal = EJOR,
	Optpages = {136--147},
	Title = {An automated university course timetabling system developed in a distributed environment: a case study},
	Volume = {153},
	Year = {2004}}

@techreport{DVSAGB88,
	Address = {Munich, Germany},
	Author = {M. Dincbas and P. {Van Hentenryck} and H. Simonis and A. Aggoun and T. Graf and F. Berthier},
	Institution = {ECRC},
	Month = may,
	Number = {TR-LP-37},
	Title = {{The Constraint Logic Programming Language CHIP}},
	Type = {Technical Report},
	Year = {1988}}

@article{DiMV89,
	Author = {J. J. Dinkel and J. Mote and M. A. Venkataramanan},
	Journal = OR,
	Number = {6},
	Pages = {853--864},
	Title = {An Efficient Decision Support System for Academic Course Scheduling},
	Volume = {37},
	Year = {1989}}

@manual{DoSt95,
	Address = {Cambridge, Mass.},
	Author = {Donnoly, C. and Stallman, R.},
	Note = {Available at \url{http://www.math.utah.edu/docs/info/bison_toc.html}},
	Organization = {Free Software Foundation},
	Title = {{B}ison, the {YACC}-compatible {P}arser {G}enerator},
	Year = 1995}

@article{DoMC96,
	Author = {Dorigo, M. and V. Maniezzo and A. Colorni},
	Journal = {IEEE Transactions on Systems, Man, and Cybernetics},
	Number = {1},
	Pages = {29--41},
	Title = {The Ant System: Optimization by a colony of cooperating agents},
	Volume = {B 26},
	Year = {1996}}

@article{Dows90,
	Author = {K. A. Dowsland},
	Journal = JORS,
	Number = {10},
	Pages = {907--918},
	Title = {A Timetabling Problem in which Clashes are Inevitable},
	Volume = {41},
	Year = {1990}}

@article{Dows98,
	Author = {K. A. Dowsland},
	Journal = EJOR,
	Pages = {393--407},
	Title = {Nurse scheduling with tabu search and strategic oscillation},
	Volume = {106},
	Year = {1998}}

@inproceedings{EaNT01,
	Author = {K. Easton and G. Nemhauser and M. Trick},
	Booktitle = {Seventh International Conference on the Principles and Practice of Constraint Programming (CP 99)},
	Pages = {580--589},
	Publisher = {Springer-Verlag},
	Series = {LNCS},
	Title = {The traveling tournament problem description and benchmarks},
	Volume = {2239},
	Year = {2001}}

@inproceedings{EaNT02,
	Author = {K. Easton and G. Nemhauser and M. Trick},
	Booktitle = PATAT-2002-selected,
	Pages = {100--109},
	Publisher = {Springer-Verlag},
	Series = {LNCS},
	Title = {Solving the Traveling Tournament Problem: A combined integer programming and constraint programming approach},
	Volume = {2740},
	Year = {2003}}

@manual{Ecli95,
	Address = {Germany},
	Editor = {ECRC},
	Key = {ECRC},
	Month = {December},
	Organization = {ECRC},
	Title = {ECL$^i$PS$^e$ User Manual (Version 3.5.2)},
	Year = {1995}}

@manual{Ecli95b,
	Address = {Germany},
	Editor = {ECRC},
	Key = {ECRC},
	Month = {December},
	Organization = {ECRC},
	Title = {ECL$^i$PS$^e$ Extensions User Manual (Version 3.5.2)},
	Year = {1995}}

@manual{Ecli98,
	Address = {London (UK)},
	Author = {A. Aggoun and others},
	Month = {July},
	Organization = {IC-Parc},
	Title = {ECL$^i$PS$^e$ User Manual (Version 4.0)},
	Year = {1998}}

@article{EgRa87,
	Author = {R. W. Eglese and G. K. Rand},
	Journal = JORS,
	Number = {7},
	Pages = {591--598},
	Title = {Conference Seminar Timetabling},
	Volume = {38},
	Year = {1987}}

@article{Egle90,
	Author = {Eglese, R. W.},
	Journal = EJOR,
	Pages = {271--281},
	Title = {Simulated annealing: a tool for operational research},
	Volume = 46,
	Year = 1990}

@article{EiLa87,
	Author = {H. A. Eiselt and G. Laporte},
	Journal = JORS,
	Pages = {785--795},
	Title = {Combinatorial optimization problems with soft and hard requirements},
	Volume = {38},
	Year = {1987}}

@article{EmFu97,
	Author = {Hamilton Emmons and Du-Shean Fuh},
	Journal = AOR,
	Pages = {473--492},
	Title = {Sizing and scheduling a full-time and part time workforce with off-day and off-weekend constraints},
	Volume = {70},
	Year = {1997}}

@article{EvIS76,
	Author = {S. Even and A. Itai and A. Shamir},
	Journal = SJC,
	Number = {4},
	Pages = {691--703},
	Title = {On the complexity of timetabling and multicommodity flow problems},
	Volume = {5},
	Year = {1976}}

@article{FaDo92,
	Author = {R. Fahrion and G. Dollansky},
	Journal = DAM,
	Number = {3},
	Pages = {221--236},
	Title = {Construction of University Faculty Timetables using Logic Programming Techniques},
	Volume = {35},
	Year = {1992}}

@conference{FeGo89,
	Author = {Ronen Feldman and Martin Charles Golumbic},
	Booktitle = IJCAI-89,
	Pages = {1010--1016},
	Publisher = {Morgan Kaufmann},
	Title = {Constraint satisfiability algorithms for interactive student scheduling},
	Year = {1989}}

@article{FeFl91,
	Annote = {competition heuristic},
	Author = {J. A. Ferland and C. Fleurent},
	Journal = {INFOR},
	Pages = {14--25},
	Title = {Computer Aided Scheduling for a Sport League},
	Volume = {29},
	Year = {1991}}

@article{FeLa92,
	Author = {J. A. Ferland and A. Lavoie},
	Journal = DAM,
	Number = {3},
	Pages = {237--253},
	Title = {Exchange Procedures for Timetabling Problems},
	Volume = {35},
	Year = {1992}}

@article{FeRo85,
	Author = {J. A. Ferland and S. Roy},
	Journal = COR,
	Number = {2},
	Pages = {207--218},
	Title = {Timetabling problem for university as assignment of activity to resources},
	Volume = {12},
	Year = {1985}}

@misc{FiVW98,
	Author = {Andreas Fink and Stefan Vo{\ss} and Woodruff, David L.},
	Note = {Extended abstract of the talk given at OR98, Z{\"u}rich},
	Title = {Building Reusable Software Components for Heuristc Search},
	Year = 1998}

@incollection{FiVo02,
	Address = KAP-addr,
	Author = {Andreas Fink and Stefan Vo\ss{}},
	Booktitle = OSCL,
	Editor = OSCL-ed,
	Publisher = KAP,
	Series = {OR/CS series},
	Title = {\textsf{HotFrame}: A heuristic optimization framework},
	Year = 2002}

@incollection{FoLL02,
	Author = {Filippo Focacci and Fran\c{c}ois Laburthe and Andrea Lodi},
	Booktitle = {Handbook on Metaheuristics},
	Editor = {F. Glover and G. Kochenberger},
	Note = {To appear},
	Publisher = KAP,
	Title = {Local Search and Constraint Programming},
	Year = 2002}

@inproceedings{FrHS95,
	Author = {H. Frangouli and V. Harmandas and P. Stamatopoulos},
	Booktitle = {3rd International Conference on the Practical Applications of Prolog (PAP'95)},
	Pages = {225--243},
	Place = {Paris},
	Title = {{UTSE}: Construction of Optimum Timetables for University Courses - {A} {CLP} based Approach},
	Year = 1995}

@conference{Fran96,
	Address = {Portland, USA},
	Author = {J. Frank},
	Booktitle = AAAI-96,
	Pages = {338--343},
	Publisher = {AAAI Press/MIT Press},
	Title = {Weighting for {G}odot: Learning Heuristics for {GSAT}},
	Year = {1996}}

@conference{FrDe95,
	Author = {Daniel Frost and Rina Dechter},
	Booktitle = IJCAI-95,
	Pages = {572--578},
	Publisher = {Morgan Kaufmann},
	Title = {Look-ahead value ordering for constraint satisfaction problems},
	Year = {1995}}

@techreport{FCDFPT88,
	Address = {Wollongong, Australia},
	Author = {Fulcher, J.A. and Cox, B. and De Dominicis, R. and Fera, E. and Provan, T. and Tubman, R.},
	Institution = {University of Wollongong, Department of Computing Science},
	Number = {PP 88/9},
	Title = {Generation of University Timetables},
	Year = {1988}}

@article{Gans81,
	Author = {de Gans, O. B.},
	Journal = EJOR,
	Pages = {175--182},
	Title = {A computer timetabling system for secondary school in the {N}etherlands},
	Volume = {7},
	Year = {1981}}

@book{GaJo79,
	Address = {San Francisco},
	Author = {M. R. Garey and D. S. Johnson},
	Publisher = {W.H. Freeman and Company},
	Title = {Computers and Intractability---{A} guide to {NP}-completeness},
	Year = {1979}}

@conference{GeOd73,
	Author = {Eric N. Gelling and Robert E. Odeh},
	Booktitle = {Third Manitoba Conference on Numerical Math.},
	Pages = {214--221},
	Title = {On 1-Factorizations of the Complete Graph and the Relationship to Round Robin Schedules},
	Year = {1973}}

@article{GeHL94,
	Author = {M. Gendreau and A. Hertz and G. Laporte},
	Journal = MS,
	Number = {10},
	Pages = {1276--1290},
	Title = {A tabu search heuristic for the vehicle routing problem},
	Volume = {40},
	Year = {1994}}

@conference{GMPW96,
	Address = {Portland, USA},
	Author = {Ian P. Gent and Ewan MacIntyre and Patrick Prosser and Toby Walsh},
	Booktitle = AAAI-96,
	Pages = {246--252},
	Publisher = {AAAI Press/MIT Press},
	Title = {The constrainedness of search},
	Year = {1996}}

@article{GiHa92,
	Author = {M. L. Ginsberg and W. D. Harvey},
	Journal = AIJ,
	Number = {2-3},
	Pages = {367--383},
	Title = {Iterative broadening},
	Volume = {55},
	Year = {1992}}

@article{GlPo96,
	Author = {C. A. Glass and C. N. Potts},
	Journal = AOR,
	Pages = {489--509},
	Title = {A comparison of local search methods for flow shop scheduling},
	Volume = {63},
	Year = {1996}}

@article{Glov89,
	Author = {F. Glover},
	Journal = JC,
	Pages = {190--206},
	Title = {Tabu search. {P}art {I}},
	Volume = {1},
	Year = {1989}}

@article{Glov90,
	Author = {F. Glover},
	Journal = JC,
	Pages = {4--32},
	Title = {Tabu search. {P}art {II}},
	Volume = {2},
	Year = {1990}}

@incollection{GlPR96,
	Author = {F. Glover and M. Parker and J. Ryan},
	Booktitle = {Cliques, Coloring, and Satisfiability. Second DIMACS Implementation Challenge},
	Editor = {David S. Johnson and Michael A. Trick},
	Publisher = {American Mathematical Society},
	Series = {DIMACS Series in Discrete Mathematics and Theoretical Computer Science},
	Title = {Coloring by Tabu Branch and Bound},
	Volume = 26,
	Year = {1996}}

@incollection{GlLa93,
	Author = {F. Glover and M. Laguna},
	Booktitle = {Modern Heuristic Techniques for Combinatorial Problems},
	Editor = {C. R. Reeves},
	Publisher = {Scientific Publications, Oxford},
	Title = {Tabu search},
	Year = {1993}}

@book{GlLa97,
	Author = {Fred Glover and Manuel Laguna},
	Publisher = {Kluwer Academic Publishers},
	Title = {Tabu search},
	Year = {1997}}

@article{GlTW93,
	Author = {F. Glover and E. Taillard and de Werra, D.},
	Journal = AOR,
	Pages = {3--28},
	Title = {A user's guide to tabu search},
	Volume = {41},
	Year = {1993}}

@inproceedings{GJBP95,
	Address = SV-addr,
	Author = {C. Gu\'eret and N. Jussien and P. Boizumault and C. Prins},
	Booktitle = ICPTAT-95,
	Editor = {E. K. Burke and P. Ross},
	Pages = {393--408},
	Publisher = SV,
	Series = LNCS,
	Title = {Building university timetables using constraint logic programming},
	Volume = {1153},
	Year = {1996}}

@inproceedings{Hale80,
	Author = {W. K. Hale},
	Booktitle = {Proc.\ of IEEE},
	Pages = {1497--1514},
	Title = {Frequency Assignment: Theory and Applications},
	Year = {1980}}

@inproceedings{HeWu95,
	Author = {Martin Henz and J{\"o}rg W{\"u}rtz},
	Booktitle = ICPTAT-95,
	Pages = {283--296},
	Title = {Using {O}z for college time tabling},
	Year = {1995}}

@article{Henz01,
	Author = {Martin Henz},
	Journal = OR,
	Number = {1},
	Pages = {163--168},
	Title = {Scheduling a Major College Basketball Conference -- Revisited},
	Volume = {49},
	Year = {2001}}

@article{Hert91,
	Author = {A. Hertz},
	Journal = EJOR,
	Pages = {39--47},
	Title = {Tabu Search for Large Scale Timetabling Problems},
	Volume = {54},
	Year = {1991}}

@article{Hert92,
	Author = {A. Hertz},
	Journal = DAM,
	Number = {3},
	Pages = {255--270},
	Title = {Finding a Feasible Course Schedule using Tabu Search},
	Volume = {35},
	Year = {1992}}

@article{HiKF97,
	Author = {A. Higgins and E. Kozan and L. Ferreira},
	Journal = JH,
	Pages = {43--62},
	Title = {Heuristic Techniques for Single Line Train Scheduling},
	Volume = {3},
	Year = {1997}}

@book{HoSt05,
	Address = {San Francisco, CA (USA)},
	Author = {Holger H. Hoos and Thomas St\"utzle},
	Isbn = {1-55860-872-9},
	Publisher = {Morgan Kaufmann Publishers},
	Title = {Stochastic Local Search -- Foundations and Applications},
	Year = {2005}}

@article{HuCa97,
	Author = {Tim H. Hultberg and Domingos M. Cardoso},
	Journal = EJOR,
	Pages = {463--473},
	Title = {The teacher assignment problem: A special case of the fixed charge transportation problem},
	Volume = {101},
	Year = {1997}}

@article{HoKa73,
	Author = {J. E. Hopcroft and R. Karp},
	Journal = SJC,
	Pages = {225--231},
	Title = {An $n^{5/2}$ algorithm for maximum matching in bipartite graphs},
	Volume = {2},
	Year = {1973}}

@misc{HuHS07,
	Author = {Hutter, Frank and Hoos, Holger H. and St\"{u}tzle, Thomas},
	Pages = {1152--1157},
	Publisher = {IN AAAI '07: PROC. OF THE TWENTY-SECOND CONFERENCE ON ARTIFICAL INTELLIGENCE},
	Title = {{Automatic Algorithm Configuration based on Local Search}},
	Year = {2007}}

@inproceedings{IkKN95,
	Author = {Hideto Ikeda and Fumio Kitagawa and Nakajima},
	Booktitle = ICPTAT-95,
	Pages = {33--44},
	Title = {School timetabling system: {SECTA}},
	Year = {1995}}

@techreport{ItRT77,
	Author = {Alon Itai and Michael Rodeh and Steven L. Tanimoto},
	Institution = {{IBM} Israel Scientific Center, Haifa, Israel},
	Number = {TR93},
	Title = {Some Matching Problems for Bipartite Graphs},
	Year = {1977}}

@article{ItRT78,
	Address = {New York, NY, USA},
	Author = {Steven L. Tanimoto and Alon Itai and Michael Rodeh},
	Doi = {http://doi.acm.org/10.1145/322092.322093},
	Issn = {0004-5411},
	Journal = {J. ACM},
	Number = {4},
	Pages = {517--525},
	Publisher = {ACM Press},
	Title = {Some Matching Problems for Bipartite Graphs},
	Volume = {25},
	Year = {1978},
	Bdsk-Url-1 = {http://doi.acm.org/10.1145/322092.322093}}

@book{Jack90,
	Address = {Reading, MA},
	Author = {Peter Jackson},
	Note = {second edition},
	Publisher = {Addison-Wesley},
	Title = {Introduction to Expert Systems},
	Year = {1990}}

@incollection{John96,
	Author = {Johnson, D. S.},
	Booktitle = {Data Structures, Near Neighbor Searches, and Methodology: Fifth and Sixth DIMACS Implementation Challenges},
	Editor = {M. H. Goldwasser and D. S. Johnson and C. C. McGeoch},
	url = {http://www.research.att.com/~dsj/papers.html},
	Pages = {215-250},
	Publisher = {American Mathematical Society},
	Title = {A Theoretician's Guide to the Experimental Analysis of Algorithms},
	Year = {2002}}

@article{John90,
	Author = {D. Johnson},
	Journal = JORS,
	Number = {1},
	Pages = {39--47},
	Title = {Timetabling University Examinations},
	Volume = {41},
	Year = {1990}}

@article{John93,
	Author = {D. Johnson},
	Journal = JORS,
	Number = {5},
	Pages = {425--433},
	Title = {A Database Approach to Course Timetabling},
	Volume = {44},
	Year = {1993}}

@inproceedings{John02,
	Address = {Providence, RI},
	Author = {D. S. Johnson},
	Booktitle = {Proceedings of the 5th and 6th DIMACS Implementation Challenges},
	Date-Modified = {2004-12-03 14:07:40 +0100},
	Editor = {M. Goldwasser and D. S. Johnson and C. C. McGeoch},
	Organization = {American Mathematical Society},
	Title = {A Theoretician's Guide to the Experimental Analysis of Algorithms},
	Year = {2002}}

@article{JAMS89,
	Author = {D. S. Johnson and C. R. Aragon and L. A. McGeoch and C. Schevon},
	Journal = OR,
	Number = {6},
	Pages = {865--892},
	Title = {Optimization by simulated annealing: an experimental evaluation; part {I}, graph partitioning},
	Volume = {37},
	Year = {1989}}

@article{JAMS91,
	Author = {D. S. Johnson and C. R. Aragon and L. A. McGeoch and C. Schevon},
	Journal = OR,
	Number = {3},
	Pages = {378--406},
	Title = {Optimization by simulated annealing: an experimental evaluation; part {II}, graph coloring and number partitioning},
	Volume = {39},
	Year = {1991}}

@techreport{JuTh97,
	Author = {Michael J{\"u}nger and Stefan Thienel},
	Institution = {University of Cologne, Dept. of Computer Science},
	Number = {TR97.263},
	Title = {The design of the branch-and-cut system {{\sf ABACUS}}},
	Year = {1997}}

@article{Jung86,
	Author = {W. Junginger},
	Journal = Int,
	Pages = {66--74},
	Title = {Timetabling in {G}ermany -- a survey},
	Volume = {16},
	Year = {1986}}

@article{KaWh92,
	Author = {L. Kang and G. M. White},
	Journal = EJOR,
	Pages = {306--317},
	Title = {A Logic Approach to the Resolution of Constraints in Timetabling},
	Volume = {61},
	Year = {1992}}

@article{KiYe92,
	Author = {L. Kiaer and J. Yellen},
	Journal = COR,
	Number = {1},
	Pages = {59--67},
	Title = {Weighted Graphs and University Course Timetabling},
	Volume = {19},
	Year = {1992}}

@inproceedings{KiCh97,
	Author = {MyoungJae Kim and TaeChoong Chung},
	Booktitle = PATAT-97,
	Pages = {182--186},
	Title = {Development of automatic class timetabler for university},
	Year = {1997}}

@incollection{King00,
	Address = SV-addr,
	Author = {Jeffrey H. Kingston},
	Booktitle = PATAT-2000-selected,
	Editor = {E. Burke and W. Erben},
	Pages = {309-321},
	Publisher = SV,
	Series = LNCS,
	Title = {Modelling Timetabling Problems with {STTL}},
	Volume = 2079,
	Year = {2001}}

@article{KiIk88,
	Author = {F. Kitagawa and H. Ikeda},
	Journal = DM,
	Pages = {195--211},
	Title = {An existential problem of a weighted subset and its application to school timetable construction},
	Volume = {72},
	Year = {1988}}

@incollection{Ozca03,
	Author = {E. {\"O}zcan},
	Booktitle = MISTA-2003-selected,
	Editor = {G. Kendall and E. Burke and S. Petrovic and M. Gendreau},
	Pages = {163-185},
	Publisher = {Springer},
	Title = {Towards an {XML}-based standard for Timetabling Problems: {TTML}},
	Year = {2005}}

@inproceedings{DDLV02,
	Author = {De Causmaecker, P. and P. Demeester and Y. Lu and Vanden Berghe, G.},
	Booktitle = PATAT-2002-onsite,
	Pages = {238-257},
	Title = {Using Web Standards for Timetabling},
	Year = {2003}}

@article{Klin81,
	Author = {L. H. Klingen},
	Journal = {Log In},
	Number = {4},
	Pages = {31--33},
	Title = {Stundenplan-Erstellung mit dem Computer},
	Volume = {1},
	Year = {1981}}

@article{KlMi97,
	Author = {Feliks Klu{\`z}niak and Miros{\l}awa Mi{\l}kowska},
	Journal = SCP,
	Pages = {193--223},
	Title = {Spill -- A logic language for writing testable requirements specifications},
	Volume = {28},
	Year = {1997}}

@article{KoKr91,
	Author = {A. W. J. Kolen and L. G. Kroon},
	Journal = EJOR,
	Number = {1},
	Pages = {23--38},
	Title = {On the Computational Complexity of (maximum) Class Scheduling},
	Volume = {54},
	Year = {1991}}

@inproceedings{Kost04,
	Address = SV-addr,
	Author = {Philipp Kostuch},
	Booktitle = PATAT-2004-selected,
	Editor = {Edmund Burke and Michael Trick},
	Pages = {109--125},
	Publisher = SV,
	Series = LNCS,
	Title = {The university course timetabling problem with a three-phase approach},
	Volume = {3616},
	Year = 2005}

@article{Krag97,
	Author = {L. Kragelund},
	Journal = SPE,
	Pages = {1121-34},
	Title = {Solving a Timetabling Problem using Hybrid Genetic Algorithms},
	Volume = {27},
	Year = {1997}}

@conference{LaCa98,
	Address = {Pisa, Italy},
	Author = {Fran\c{c}ois Laburthe and Ysev Caseau},
	Booktitle = CP-98,
	Pages = {310--324},
	Series = LNCS,
	Title = {{SALSA}: A Language for Search Algorithms},
	Volume = 1152,
	Year = 1998}

@conference{Lajo95,
	Address = {Edinburgh, {UK}},
	Author = {Gyuri Lajos},
	Booktitle = ICPTAT-95,
	Note = {to appear},
	Title = {Complete University Modular Timetabling using Constraint Logic Programming},
	Year = {1995}}

@incollection{KoSo04,
	Affiliation = {Oxford University, Department of Statistics 1 South Parks Rd., Oxford, OX1 3TG, UK},
	Author = {Kostuch, Philipp and Socha, Krzysztof},
	Booktitle = {Evolutionary Computation in Combinatorial Optimization},
	Editor = {Gottlieb, Jens and Raidl, G\"unther R.},
	Pages = {135-144},
	Publisher = {Springer Berlin / Heidelberg},
	Series = {Lecture Notes in Computer Science},
	Title = {Hardness Prediction for the University Course Timetabling Problem},
	Volume = {3004},
	Year = {2004}}

@article{Krag97,
	Author = {L. Kragelund},
	Journal = SPE,
	Pages = {1121-34},
	Title = {Solving a Timetabling Problem using Hybrid Genetic Algorithms},
	Volume = {27},
	Year = {1997}}

@conference{LaCa98,
	Address = {Pisa, Italy},
	Author = {Fran\c{c}ois Laburthe and Ysev Caseau},
	Booktitle = CP-98,
	Pages = {310--324},
	Series = LNCS,
	Title = {{SALSA}: A Language for Search Algorithms},
	Volume = 1152,
	Year = 1998}

@conference{Lajo95,
	Address = {Edinburgh, {UK}},
	Author = {Gyuri Lajos},
	Booktitle = ICPTAT-95,
	Note = {to appear},
	Title = {Complete University Modular Timetabling using Constraint Logic Programming},
	Year = {1995}}

@inproceedings{LaOb08,
	Author = {Landa-Silva, Dario and Obit, Joe Henry},
	Booktitle = {2008 4th International IEEE Conference Intelligent Systems},
	Month = {September},
	Pages = {8--18},
	Title = {{Great deluge with non-linear decay rate for solving course timetabling problems}},
	Year = {2008}}

@misc{Lang05,
	Author = {Glenn Langford},
	Title = {Personal communication},
	Year = {2005}}

@article{LaDe84,
	Author = {G. Laporte and S. Desroches},
	Journal = COR,
	Number = {4},
	Pages = {351--360},
	Title = {Examination Timetabling by Computer},
	Volume = {11},
	Year = {1984}}

@article{LaDe86,
	Author = {G. Laporte and S. Desroches},
	Journal = COR,
	Pages = {387--394},
	Title = {The problem of assigning students to course sections in a large engineering school},
	Volume = {13},
	Year = {1986}}

@article{LePa94,
	Author = {Le Pape, C.},
	Journal = {Intelligent Systems Engineering},
	Number = {2},
	Title = {Implementation of Resource Constraints in {\sc {I}log {S}chedule}: A Library for the Development of Constraint-Based Scheduling Systems},
	Volume = {3},
	Year = {1994}}

@article{LeWa93,
	Author = {Le Provost, Thierry and Mark Wallace},
	Journal = JLP,
	Pages = {319--359},
	Title = {Generalized constraint propagation over the {CLP} scheme},
	Volume = {16},
	Year = {1993}}

@article{LiRZ06,
	Author = {A. Lim and B. Rodrigues and X. Zhang},
	Journal = EJOR,
	Note = {To appear},
	Title = {A simulated annealing and hill-climbing algorithm for the traveling tournament problem},
	Year = {2005}}

@article{Lin65,
	Author = {S. Lin},
	Journal = {Bell System Technical Journal},
	Pages = {2245--2269},
	Title = {Computer Solutions of the Traveling Salesman Problem},
	Volume = {44},
	Year = {1965}}

@article{LiMR76,
	Author = {Charles C. Lindner and Eric Mendelsohn and Alexander Rosa},
	Journal = JCT,
	Pages = {265--282},
	Title = {On the Number of 1-Factorizations of the Complete Graph},
	Volume = {Series {B} 20},
	Year = {1976}}

@incollection{LoMS01,
	Author = {Helena Ramalhino Louren{\c{c}}o and Olivier Martin and Thomas St{\"u}tzle},
	Booktitle = {Handbook of Metaheuristics},
	Editor = {F. Glover and G. Kochenberger},
	Publisher = {Kluwer},
	Title = {Applying Iterated local search to the permutation flow shop problem},
	Year = {2001}}

@inproceedings{McTW97,
	Author = {Ken McAloon and Carol Tretkoff and Gerhard Wetzel},
	Booktitle = {Annual {ILOG} Optimization Users Conference},
	Title = {Sport League Scheduling},
	Year = {1997}}

@conference{McSK97,
	Address = {321--326},
	Author = {David McAllester and Bart Selman and Henry Kautz},
	Booktitle = AAAI-97,
	Publisher = {AAAI Press/MIT Press},
	Title = {Evidence for Invariants in Local Search},
	Year = {1997}}

@manual{MNSU98,
	Author = {Kurt Mehlhorn and Stefan N{\"a}her and Michael Seel and Christian Uhrig},
	Note = {Version 3.6},
	Title = {The {LEDA} User Manual},
	Year = {1998}}

@manual{MNSU99,
	Address = {Saarbr{\"u}cken, Germany},
	Author = {Kurt Mehlhorn and Stefan N{\"a}her and Michael Seel and Christian Uhrig},
	Note = {Version 4.0},
	Organization = {Max Plank Institute},
	Title = {The {LEDA} User Manual},
	Year = {1999}}

@article{Meht81,
	Author = {N. K. Mehta},
	Journal = Int,
	Number = {5},
	Pages = {57--64},
	Title = {The Application of a Graph Coloring Method to an Examination Scheduling Problem},
	Volume = {11},
	Year = {1981}}

@article{MeGS97,
	Author = {A. Meisels and E. Gudes and G. Solotorevsky},
	Journal = IJIS,
	Pages = {419-439},
	Title = {Combining Rules and Constraints for Employee Timetabling},
	Volume = {12},
	Year = {1997}}

@article{MeRo85,
	Author = {Eric Mendelsohn and Alexander Rosa},
	Journal = JGT,
	Pages = {43--65},
	Title = {One-Factorizations of the Complete Graph -- a Survey},
	Volume = {9},
	Year = {1985}}

@inproceedings{MeKa03,
	Address = SV-addr,
	Author = {Amnon Meisels and Eliezer Kaplansky},
	Booktitle = PATAT-2002-selected,
	Editor = {Edmund Burke and Patrick De Causmaecker},
	Pages = {166--177},
	Publisher = SV,
	Series = LNCS,
	Title = {Distributed Timetabling Problems ({DisTTP})},
	Volume = {2740},
	Year = {2003}}

@inproceedings{MeKa03rid,
	Author = {Amnon Meisels and Eliezer Kaplansky},
	Booktitle = {\cite{BuDe02}},
	Pages = {166--177},
	Title = {Distributed Timetabling Problems ({DisTTP})}}

@article{MeSc03,
	Author = {Amnon Meisels and Andrea Schaerf},
	Journal = AMAI,
	Number = {1-2},
	Pages = {41--59},
	Title = {Modelling and Solving Employee Timetabling Problems},
	Volume = {39},
	Year = 2003}

@misc{ETTPpage,
	Author = {Liam Merlot},
	Howpublished = {URL: \url{http://www.or.ms.unimelb.edu.au/timetabling}},
	Note = {Viewed: July 7, 2009, Updated: October 13, 2003},
	Title = {Public Exam Timetabling Data Sets},
	Year = 2005}

@misc{CTTPageOld,
	Author = {Di Gaspero, Luca and Alessandro Fontanel and Andrea Schaerf},
	Howpublished = {URL: \url{http://www.diegm.uniud.it/satt/projects/EduTT/}},
	Note = {Viewed: March 13, 2007, Updated: May 30, 2006},
	Title = {Educational Timetabling {@UniUd}},
	Year = 2006}

@misc{CTTPage,
	Howpublished = {URL: \url{http://tabu.diegm.uniud.it/ctt}},
	Note = {Updated: January 29, 2009},
	Title = {Curriculum-Based Course TimeTabling Website},
	Year = 2008}

@misc{GCPpage,
	Author = {Joseph Culberson},
	Howpublished = {URL: \url{http://www.cs.ualberta.ca/~joe/Coloring/}},
	Note = {Viewed: March 13, 2007, Updated: March 31, 2004},
	Title = {Graph Coloring Page},
	Year = 2006}

@misc{ITC2007page,
	Author = {Barry McCollum},
	Howpublished = {URL: \url{http://www.cs.qub.ac.uk/itc2007/}},
	Note = {Updated: October 1, 2008},
	Title = {ITC-2007, International Timetabling Competition},
	Year = 2007}

@article{McMu07,
	Author = {McMullan, Paul},
	Journal = {Computational Science--ICCS 2007},
	Keywords = {course scheduling,great deluge,neighbourhood,timetabling},
	Pages = {538 -- 545},
	Title = {{An Extended Implementation of the Great Deluge Algorithm for Course Timetabling}},
	Year = {2007}}

@inproceedings{MBHS02,
	Address = SV-addr,
	Author = {Liam Merlot and Natashia Boland and Barry Hughes and Peter Stuckey},
	Booktitle = PATAT-2002-selected,
	Editor = {Edmund Burke and Patrick De Causmaecker},
	Pages = {207--231},
	Publisher = SV,
	Series = LNCS,
	Title = {A Hybrid Algorithm for the Examination Timetabling Problem},
	Volume = {2740},
	Year = {2003}}

@book{Mich94,
	Author = {Zbigniew Michalewicz},
	Note = {Second, extended edition},
	Publisher = {Springer-Verlag},
	Title = {Genetic algorithms + data structures = evolution programs},
	Year = {1994}}

@conference{MiVa97,
	Address = {Schloss Hagenberg, Austria},
	Author = {Laurent Michel and Van Hentenrick, Pascal},
	Booktitle = CP-97,
	Pages = {238--252},
	Series = LNCS,
	Title = {Localizer: A Modeling Language for Local Search},
	Volume = {1330},
	Year = {1997}}

@techreport{MiVa01,
	Author = {Laurent, Michel and Van Hentenrick, Pascal},
	Institution = {Brown University},
	Number = {CS-01-02},
	Title = {Localizer++: An Open Library for Local Search},
	Year = {2001}}

@article{Mint96,
	Author = {Steven Minton},
	Journal = CONS,
	Number = {1/2},
	Pages = {7--43},
	Title = {Automatic Configuring Constraint Satisfaction Programs: A Case Study},
	Volume = {1},
	Year = {1996}}

@inproceedings{MJPL90,
	Author = {Steven Minton and Mark D. Johnston and Andrew B. Philips and Philip Laird},
	Booktitle = AAAI-90,
	Pages = {17--24},
	Publisher = {AAAI Press/MIT Press},
	Title = {Solving large-scale constraint satisfaction and scheduling problems using a heuristic repair method},
	Year = {1990}}

@article{MJPL92,
	Author = {Steven Minton and Mark D. Johnston and Andrew B. Philips and Philip Laird},
	Journal = AIJ,
	Pages = {161--205},
	Title = {Minimizing conflicts: a heuristic repair method for constraint satisfaction and scheduling problems},
	Volume = {58},
	Year = {1992}}

@article{MoRa93,
	Author = {E. L. Mooney and R. L. Rardin},
	Journal = AOR,
	Title = {Tabu search for a class of scheduling problems},
	Volume = {41},
	Year = {1993}}

@conference{Morr93,
	Author = {Paul Morris},
	Booktitle = AAAI-93,
	Pages = {40--45},
	Publisher = {AAAI Press/MIT Press},
	Title = {The Breakout Method For Escaping From Local Minima},
	Year = {1993}}

@phdthesis{Morg90,
	Author = {Craig Allen Morgenstern},
	Key = {graph coloring, neighborhood search, successive augmentation},
	School = {The University of New Mexico},
	Title = {Algorithms for general graph coloring},
	Type = {Doctoral thesis in Computer Science},
	Year = {1990}}

@conference{MoBR97,
	Address = {Nagoya, Japan},
	Author = {Robert Morris and John Bresina and Stuart Rodgers},
	Booktitle = IJCAI-97,
	Pages = {1260--1266},
	Publisher = {Morgan-Kaufmann},
	Title = {Automatic Generation of Heuristics for Scheduling},
	Year = {1997}}

@article{Mosc93,
	Author = {Pablo Moscato},
	Journal = AOR,
	Number = {1--4},
	Pages = {85--121},
	Title = {An Introduction to Population Approaches for Optimization and Hierarchical Objective Functions: A Discussion on the role of Tabu Search},
	Volume = {41},
	Year = {1993}}

@inproceedings{MoSh90,
	Author = {Craig Morgenstern and Harry Shapiro},
	Booktitle = {First Annual ACM--SIAM Symposium on Discrete Algorithms},
	Pages = {226--235},
	Title = {Coloration neighborhood structures for general graph coloring},
	Year = {1990}}

@article{Mulv82,
	Author = {J. M. Mulvey},
	Journal = EJOR,
	Pages = {64--70},
	Title = {A classroom/time assignment model},
	Volume = {9},
	Year = {1982}}

@inproceedings{MuSS01,
	Author = {Nysret Musliu and Andrea Schaerf and Wolfgang Slany},
	Booktitle = MIC-01,
	Pages = {465--469},
	Title = {Local Search for Shift Design (extended abstract)},
	Year = 2001}

@inproceedings{NeTr97,
	Author = {George Nemhauser and Michael Trick},
	Booktitle = PATAT-97,
	Pages = {334--336},
	Title = {Scheduling a Major College Basketball Conference},
	Year = {1997}}

@phdthesis{Neuf73,
	Address = {Edmonton, Alberta, Canada},
	Author = {G. A. Neufeld},
	School = {Dept. of Computer Science, University of Alberta},
	Title = {Analysis of class-teacher timetabling problems},
	Year = {1973}}

@article{NeTa74,
	Author = {G. A. Neufeld and J. Tartar},
	Journal = CACM,
	Number = {8},
	Pages = {450--453},
	Title = {Graph coloring conditions for the existence of solutions to the timetable problem},
	Volume = {17},
	Year = {1974}}

@conference{Oddi97,
	Author = {Angelo Oddi},
	Booktitle = AIIA-97,
	Note = {To appear},
	Publisher = {Springer-Verlag},
	Title = {A Weakly Backjumping Strategy to Solve Hard Scheduling Problems},
	Year = {1997}}

@conference{OdSm97,
	Author = {Angelo Oddi and Stephen F. Smith},
	Booktitle = AAAI-97,
	Publisher = {AAAI Press/MIT Press},
	Title = {Stochastic Procedures for Generating Feasible Schedules},
	Year = {1997}}

@techreport{Odij94,
	Address = {Delft, The Netherlands},
	Author = {Michiel A. Odijk},
	Institution = {Delft University of Technology, Department of Technical Mathematics and Informatics},
	Number = {DUT-TWI-94-61},
	Title = {Construction of periodic timetables; Part {I}: {A} cutting plane algorithm},
	Year = {1994}}

@techreport{Odij94a,
	Address = {Delft, The Netherlands},
	Author = {Michiel A. Odijk},
	Institution = {Delft University of Technology, Department of Technical Mathematics and Informatics},
	Number = {DUT-TWI-94-71},
	Title = {Construction of periodic timetables; Part {II}: An application},
	Year = {1994}}

@conference{Paec94,
	Author = {Ben Paechter},
	Booktitle = {AISB Workshop on Evolutionary Computation},
	Pages = {264--276},
	Series = LNCS,
	Title = {Optimising a presentation timetable using evolutionary algorithms},
	Volume = {865},
	Year = {1994}}

@misc{TTCompPage,
	Author = {Ben Paechter and Luca Maria Gambardella and Olivia Rossi-Doria},
	Howpublished = {URL: \url{http://www.idsia.ch/Files/ttcomp2002/}},
	Note = {Viewed: May 18, 2010, Updated: July 10, 2003},
	Title = {International Timetabling Competition, web page},
	Year = 2003}

@book{PaSt82,
	Author = {Christos H. Papadimitriou and Kenneth Steiglitz},
	Publisher = {Prentice-Hall, Englewood Cliffs, New Jersey},
	Title = {Combinatorial Optimization: Algorithms and Complexity},
	Year = {1982}}

@article{Papo80,
	Author = {D. B. Papoulias},
	Journal = EJOR,
	Pages = {31--41},
	Title = {The Assignment-to-days problem in a School Time-table, a Heuristic Approach},
	Volume = {4},
	Year = {1980}}

@manual{Paxs95,
	Author = {Paxson, V.},
	Note = {Available at \url{http://www.math.utah.edu/docs/info/flex_toc.html}},
	Organization = {The Regents of the University of California.},
	Title = {{F}lex, version 2.5, A fast scanner generator},
	Year = {1995}}

@book{Pear84,
	Address = {Reading, MA},
	Author = {Judea Pearl},
	Publisher = {Addison-Wesley},
	Title = {Heuristics: Intelligent search strategies for computer problem solving},
	Year = {1984}}

@conference{PeGe96,
	Address = {Berlin},
	Author = {G. Pesant and M. Gendreau},
	Booktitle = CP-96,
	Number = {1118},
	Pages = {353--366},
	Publisher = {Springer-Verlag},
	Series = {CLNS},
	Title = {A View of Local Search in Constraint Programming},
	Year = {1996}}

@article{PeGe99,
	Author = {G. Pesant and M. Gendreau},
	Journal = JH,
	Pages = {255--279},
	Title = {A constraint programming framework for local search methods},
	Volume = {5},
	Year = {1999}}

@article{PeGl97,
	Author = {E. Pesch and F. Glover},
	Journal = DAM,
	Pages = {175--181},
	Title = {{TSP} Ejection chains},
	Volume = {76},
	Year = 1997}

@article{PiYe97,
	Author = {Michael Pinedo and Benjamin P.C. Yen},
	Journal = AOR,
	Pages = {395--378},
	Title = {On the design and development of object-oriented scheduling systems},
	Volume = {70},
	Year = {1997}}

@article{PPSS95,
	Author = {Wolfgang Pree and Gustav Pomberger and Albert Schappert and Peter Sommerlad},
	Journal = {Software---Concepts and Tools},
	Pages = {94--103},
	Title = {Active Guidance of Framework Development},
	Volume = {16},
	Year = {1995}}

@article{Pros93,
	Author = {Patrick Prosser},
	Journal = {Computational Intelligence},
	Pages = {268--299},
	Title = {Hybrid Algorithms for the Constraint Satisfaction Problem},
	Volume = {9},
	Year = {1993}}

@conference{Pros94,
	Author = {Patrick Prosser},
	Booktitle = ECAI-94,
	Pages = {95--99},
	Publisher = {John Wiley \& Sons},
	Title = {Binary Constraint Satisfaction Problems: Some are Harder than Others},
	Year = {1994}}

@article{QBMML09,
	Author = {R. Qu and E. Burke and B. McCollum and L. Merlot and S.Y. Lee},
	Journal = JS,
	Number = {1},
	Pages = {55--89},
	Title = {A Survey of Search Methodologies and Automated System Development for Examination Timetabling},
	Volume = {12},
	Year = {2009}}

@techreport{QBMML06,
	Author = {R. Qu and E. Burke and B. McCollum and L. Merlot and S.Y. Lee},
	Institution = {School of CSiT, University of Nottingham, UK},
	Number = {NOTTCS-TR-2006-4},
	Title = {The State of the Art of Examination Timetabling},
	Year = {2006}}

@misc{QUpage,
	Author = {R. Qu},
	Howpublished = {URL: \url{http://www.cs.nott.ac.uk/~rxq/ETTP.htm}},
	Note = {Viewed: March 13, 2007, Updated: July 8, 2006},
	Title = {The Exam Timetabling Site},
	Year = 2006}

@manual{R05,
	Address = {Vienna, Austria},
	Author = {{R Development Core Team}},
	Note = {{ISBN} 3-900051-07-0},
	Organization = {R Foundation for Statistical Computing},
	Title = {R: A language and environment for statistical computing},
	Url = {http://www.R-project.org},
	Year = {2005},
	Bdsk-Url-1 = {http://www.R-project.org}}

@article{RaTr05,
	Author = {Rasmus Rasmussen and Michael Trick},
	Journal = EJOR,
	Note = {Accepted for publication},
	Title = {A Benders approach for the constrained minimum break problems},
	Year = {2005}}

@conference{Regi94,
	Author = {Jean-Charles R\'egin},
	Booktitle = AAAI-94,
	Pages = {362--367},
	Title = {A filtering algorithm for constraints of difference in {CSP}s},
	Year = {1994}}

@inproceedings{RiUr04,
	Author = {Ribeiro, Celso C. and Sebasti{\'a}n Urrutia},
	Booktitle = PATAT-2004-onsite,
	Pages = {323--342},
	Title = {Heuristics for the mirrored traveling tournament problem},
	Year = 2004}

@incollection{RiRR95,
	Author = {M. Ringer and O. Reinelt and O. Rinaldi},
	Booktitle = {Handbooks in Operations Research and Management Science},
	Chapter = {7},
	Editor = {M. Ball and T. Magnanti and C. Monma and G.L. Nemhauser},
	Pages = {225-330},
	Publisher = {North-Holland},
	Title = {The traveling salesman problem},
	Year = {1995}}

@article{RoWa82,
	Author = {Alexander Rosa and Walter D. Wallis},
	Journal = DAM,
	Pages = {291--297},
	Title = {Premature sets of 1-factors or how not to schedule round robin tournaments},
	Volume = {4},
	Year = {1982}}

@inproceedings{RoHC97,
	Author = {Peter Ross and Emma Hart and Dave Corne},
	Booktitle = PATAT-97,
	Pages = {115--129},
	Title = {Some Observation about {GA}-Based Exam Timetabling},
	Year = {1997}}

@inproceedings{RSBC03,
	Address = SV-addr,
	Author = {Olivia Rossi-Doria and others},
	Booktitle = PATAT-2002-selected,
	Editor = {Burke, Edmund and De Causmaecker, Patrick},
	Pages = {329--351},
	Publisher = SV,
	Series = LNCS,
	Title = {A comparison of the performance of different metaherustic on the timetabling problem},
	Volume = 2740,
	Year = 2003}

@article{Russ80,
	Author = {K. G. Russell},
	Journal = {Biometrika},
	Number = {1},
	Pages = {127--131},
	Title = {Balancing carry-over effects in round robin tournaments},
	Volume = {67},
	Year = {1980}}

@article{SaWi86,
	Author = {G. C. W. Sabin and G. K. Winter},
	Journal = JORS,
	Pages = {689--693},
	Title = {The impact of automated timetabling on universities -- a case study},
	Volume = {37},
	Year = {1986}}

@inproceedings{AbBM07b,
	Author = {Abdullah, Salwani and Burke, Edmund K. and McCollum, Barry},
	Booktitle = {2007 IEEE Congress on Evolutionary Computation},
	Editor = {Burke, Edmund and Trick, Michael Editors},
	Optmonth = {September},
	Pages = {1764--1768},
	Publisher = {Springer-Verlag},
	Title = {{A hybrid evolutionary approach to the university course timetabling problem}},
	Volume = {3616},
	Year = {2007}}

@techreport{Scha95,
	Address = {Amsterdam, The Netherlands},
	Author = {Andrea Schaerf},
	Institution = CWI,
	Note = {To appear in {\it Artificial Intelligence Review}},
	Number = {CS-R9567},
	Title = {A Survey of Automated Timetabling},
	Year = {1995}}

@conference{Scha96,
	Address = {Portland, USA},
	Author = {Andrea Schaerf},
	Booktitle = AAAI-96,
	Pages = {363--368},
	Publisher = {AAAI Press/MIT Press},
	Title = {Tabu Search Techniques for Large High-School Timetabling Problems},
	Year = {1996}}

@techreport{Scha96b,
	Address = {Amsterdam, NL},
	Author = {Andrea Schaerf},
	Institution = CWI,
	Note = {Available at {\tt http://www.cwi.nl/ftp/CWIreports/AP}. A revised version will appear in {\em IEEE Trans.\ of Systems, Man and Cybernetics}},
	Number = {CS-R9611},
	Title = {Tabu Search Techniques for Large High-School Timetabling Problems},
	Year = {1996}}

@conference{Scha96c,
	Address = {Budapest, Hungary},
	Author = {Andrea Schaerf},
	Booktitle = ECAI-96,
	Note = {An unabridged version will appear in {\em CONSTRAINTS} journal},
	Pages = {634--639},
	Publisher = {John Wiley \& Sons},
	Title = {Scheduling Sport Tournaments using Constraint Logic Programming},
	Year = {1996}}

@techreport{Scha97c,
	Address = {Amsterdam, NL},
	Author = {Andrea Schaerf},
	Institution = CWI,
	Note = {Available at {\tt http://www.cwi.nl/ftp/CWIreports/PNA}. A revised version will appear in {\em CONSTRAINTS} journal},
	Number = {PNA-R9707},
	Title = {Scheduling Sport Tournaments using Constraint Logic Programming},
	Year = {1997}}

@conference{Scha97,
	Address = {Nagoya, Japan},
	Author = {Andrea Schaerf},
	Booktitle = IJCAI-97,
	Pages = {1254--1259},
	Publisher = {Morgan-Kaufmann},
	Title = {Combining Local Search and Look-Ahead for Scheduling and Constraint Satisfaction Problems},
	Year = {1997}}

@article{Scha99,
	Author = {Andrea Schaerf},
	Journal = {Artificial Intelligence Review},
	Number = {2},
	Pages = {87--127},
	Title = {A Survey of Automated Timetabling},
	Volume = {13},
	Year = {1999}}

@article{Scha99b,
	Author = {Andrea Schaerf},
	Journal = {CONSTRAINTS},
	Number = {1},
	Pages = {43--65},
	Title = {Scheduling Sport Tournaments using Constraint Logic Programming},
	Volume = {4},
	Year = {1999}}

@article{Scha99c,
	Author = {Andrea Schaerf},
	Journal = SMC,
	Number = {4},
	Pages = {368--377},
	Title = {Local Search Techniques for Large High-School Timetabling Problems},
	Volume = {29},
	Year = {1999}}

@conference{ScLC99,
	Address = {Nancy, France},
	Author = {Andrea Schaerf and Maurizio Lenzerini and Marco Cadoli},
	Booktitle = TOOLSEUROPE-99,
	Note = {An extended version will appear in {\em Software Practice \& Experience}},
	Pages = {152--161},
	Title = {{{\sc LOCAL++}}: A {C}++ Framework for Combinatorial Search Problems},
	Year = {1999}}

@techreport{ScLC99b,
	Address = {Rome, Italy},
	Author = {Andrea Schaerf and Maurizio Lenzerini and Marco Cadoli},
	Institution = DIS,
	Note = {Available at {\tt http://www.dis.uniroma1.it/pub/AI/papers}. To appear in \emph{Software Practice \& Experience}},
	Number = {11--99},
	Title = {\textsc{Local++}: A {C}++ Framework for Local Search Algorithms},
	Year = 1999}

@article{ScCL00,
	Author = {Andrea Schaerf and Marco Cadoli and Maurizio Lenzerini},
	Journal = SPE,
	Number = {3},
	Pages = {233--257},
	Title = {\textsc{Local++}: A {C}++ Framework for Local Search Algorithms},
	Volume = {30},
	Year = {2000}}

@inproceedings{ScDi01,
	Author = {Andrea Schaerf and Di Gaspero, Luca},
	Booktitle = SOR-01,
	Editor = {L. Lenart and L. Zadnik Stirn and S. Drobne},
	Pages = {13--23},
	Title = {Local Search Techniques for Educational Timetabling Problems},
	Year = {2001}}

@inproceedings{ScDi06,
	Address = {Brno, The Czech Republic},
	Author = {Andrea Schaerf and Di Gaspero, Luca},
	Booktitle = PATAT-2006-onsite,
	Editor = {E. Burke and H. Rudov\'a},
	Pages = {53--62},
	Title = {Measurability and Reproducibility in Timetabling Research: State-of-the-Art and Discussion (invited paper)},
	Year = {2006}}

@inproceedings{ScDi07,
	Address = SV-addr,
	Author = {Andrea Schaerf and Di Gaspero, Luca},
	Booktitle = PATAT-2006-selected,
	Editor = {E. Burke and H. Rudov\'a},
	Pages = {40--49},
	Publisher = SV,
	Series = LNCS,
	Title = {Measurability and Reproducibility in Timetabling Research: Discussion and Proposals},
	Volume = {3867},
	Year = {2007}}

@inproceedings{McCo06,
	Address = {Brno, The Czech Republic},
	Author = {Barry McCollum},
	Booktitle = PATAT-2006-onsite,
	Editor = {E. Burke and H. Rudov\'a},
	Pages = {15--35},
	Title = {University Timetabling: Bridging the gap between research and practice (invited paper)},
	Year = {2006}}

@inproceedings{McCo07,
	Address = SV-addr,
	Author = {Barry McCollum},
	Booktitle = PATAT-2006-selected,
	Editor = {E. Burke and H. Rudov\'a},
	Pages = {3--23},
	Publisher = SV,
	Series = LNCS,
	Title = {A Perspective on Bridging the Gap in University Timetabling},
	Volume = {3867},
	Year = {2007}}

@conference{ScMe99,
	Author = {Andrea Schaerf and Amnon Meisels},
	Booktitle = AIIA-99,
	Pages = {493--502},
	Publisher = SV,
	Series = LNCS,
	Title = {Solving Employee Timetabling Problems by Generalized Local Search},
	Volume = 1792,
	Year = 1999}

@conference{ScSc95,
	Author = {Andrea Schaerf and Marco Schaerf},
	Booktitle = ICPTAT-95,
	Pages = {313--323},
	Title = {Local Search Techniques for High School Timetabling},
	Year = {1995}}

@conference{ScSP95,
	Author = {A. Schappert and P. Sommerland and W. Pree},
	Booktitle = {Symposium on Software Reusability (ACM Software Engineering Notes)},
	Month = {August},
	Title = {Automated framework development},
	Year = {1995}}

@incollection{Shaw98,
	Author = {P. Shaw},
	Booktitle = CP-98,
	Editor = {M. Maher and J.-F. Puget},
	Pages = {417--431},
	Publisher = SV,
	Series = LNCS,
	Title = {Using Constraint Programming and Local Search Methods to Solve Vehicle Routing Problems},
	Volume = 1520,
	Year = {1998}}

@inproceedings{ShFD00,
	Author = {Shaw, Paul and Furnon, Vincent and De Backer, Bruno},
	Booktitle = {2nd Workshop On Integration of AI and OR techniques in Constraint Programming for Combinatorial Optimization Problems (CP-AI-OR'00)},
	Title = {A lightweight addition to {CP} framewroks for improved local search},
	Year = {2000}}

@article{ScSt79,
	Author = {G. Schmidt and T. Strohlein},
	Journal = CJ,
	Number = {4},
	Pages = {307--316},
	Title = {Timetable Construction - an Annotated Bibliography},
	Volume = {23},
	Year = {1979}}

@article{Schr80,
	Annote = {competition heuristic},
	Author = {J. A. M. Schreuder},
	Journal = {Mathematical Programming Study},
	Pages = {58--67},
	Title = {Constructing Timetables for Sport Competitions},
	Volume = {13},
	Year = {1980}}

@inproceedings{Schr84,
	Annote = {school heuristic},
	Author = {Schreuder, J. A. M and van der Velde, J. A.},
	Booktitle = {Tenth IFORS International Conference on O.R., Washington, D.C.},
	Pages = {601--612},
	Publisher = {Amsterdam: North-Holland},
	Title = {Timetables in Dutch High Schools},
	Year = {1984}}

@article{Schr92,
	Annote = {competition heuristic},
	Author = {J. A. M. Schreuder},
	Journal = DAM,
	Pages = {301--312},
	Title = {Combinatorial Aspects of Construction of Competition Dutch Professional Football Leagues},
	Volume = {35},
	Year = {1992}}

@phdthesis{Schr93,
	Address = {Glasgow},
	Author = {J. A. M. Schreuder},
	Month = dec,
	School = {Department of Management Science, The University of Strathclyde},
	Title = {Construction of fixture lists for professional football leagues},
	Year = {1993}}

@inproceedings{ScVi95,
	Author = {Jan A. M. Schreuder and Adrie J. Visscher},
	Booktitle = ICPTAT-95,
	Pages = {307--312},
	Title = {Timetabling in Dutch secondary schools: the problem and the strategy to tackle it},
	Year = {1995}}

@conference{SeKa93,
	Author = {Bart Selman and Henry A. Kautz},
	Booktitle = IJCAI-93,
	Pages = {290--295},
	Publisher = {Morgan Kaufmann},
	Title = {Domain-Independent Extensions to GSAT: Solving Large Structured Satisfiability Problems},
	Year = {1993}}

@conference{SeKC94,
	Author = {Bart Selman and Henry A. Kautz and Bram Cohen},
	Booktitle = AAAI-94,
	Pages = {337--343},
	Title = {Noise strategies for improving local search},
	Year = {1994}}

@conference{SeLM92,
	Author = {Bart Selman and Hector Levesque and David Mitchell},
	Booktitle = AAAI-92,
	Pages = {440--446},
	Title = {A new method for solving hard satisfiability problems},
	Year = {1992}}

@inproceedings{ShSW91,
	Author = {D. B. Shmoys and C. Stein and J. Wein},
	Booktitle = {Proc.\ of the Symposium on Discrete Algorithms},
	Title = {Improved approximation algorithms for shop scheduling problems},
	Year = {1991}}

@article{Smit90,
	Author = {Douglas R. Smith},
	Journal = TSE,
	Number = {9},
	Pages = {1024--1043},
	Title = {{KIDS}: {A} Semi-Automatic Program Development System},
	Volume = {16},
	Year = {1990}}

@incollection{Smol95,
	Author = {G. Smolka},
	Booktitle = {Current Trend in Computer Science},
	Editor = {J. van Leeuwen},
	Pages = {324--343},
	Publisher = {Springer-Verlag},
	Series = LNCS,
	Title = {The {O}z programming model},
	Volume = 1000,
	Year = {1995}}

@article{SoGM94,
	Author = {G. Solotorevsky and E. Gudes and A. Meisels},
	Journal = TKDE,
	Number = {5},
	Pages = {681--697},
	Title = {{RAPS}: {A} Rule-Based Language Specifying Resource Allocation and Time-Tabling Problems},
	Volume = {6},
	Year = {1994}}

@article{BlMc79,
	Author = {Jan Stallaert},
	Journal = Int,
	Pages = {67--81},
	Title = {Automated Timetabling Improves Course Scheduling at {UCLA}},
	Volume = {27},
	Year = {1997}}

@article{Stra83,
	Annote = {competition},
	Author = {T. H. Straley},
	Journal = {Ars Combinatorica},
	Pages = {193--200},
	Title = {Scheduling Designs for a League Tournament},
	Volume = {15},
	Year = {1983}}

@techreport{Stut98,
	Author = {Thomas St{\"u}tzle},
	Institution = {FG Intellektik, TU Darmstadt},
	Number = {AIDA-98-04},
	Title = {Applying Iterated local search to the permutation flow shop problem},
	Year = {1998}}

@techreport{Stut99,
	Author = {Thomas St{\"u}tzle},
	Institution = {FG Intellektik, TU Darmstadt},
	Number = {AIDA-99-03},
	Title = {Iterated local search for the quadratic assignment problem},
	Year = {1998}}

@article{Tail91,
	Author = {E. Taillard},
	Journal = {Parallel Computing},
	Pages = {433--445},
	Title = {Robust Taboo Search for the Quadratic Assignment Problem},
	Volume = {17},
	Year = {1991}}

@inproceedings{ThDo95,
	Author = {J. Thomson and K. Dowsland},
	Booktitle = ICPTAT-95,
	Pages = {345--363},
	Title = {General cooling schedules for simulated annealing-based timetabling system},
	Year = {1995}}

@conference{ThSa98,
	Address = {263--268},
	Author = {John Thornton and Abdul Sattar},
	Booktitle = AAAI-98,
	Publisher = {AAAI Press/MIT Press},
	Title = {Local Search Algorithms for Partial {MAXSAT}},
	Year = {1998}}

@misc{TTPpage,
	Author = {Michael Trick},
	Howpublished = {URL: \url{http://mat.gsia.cmu.edu/TOURN/}},
	Note = {Viewed: March 13, 2007, Updated: October 22, 2006},
	Title = {Challenge Traveling Tournament Instances, web page},
	Year = 2005}

@article{TrCS05,
	Author = {Triki, E and Collette, Y and Siarry, P},
	Doi = {10.1016/j.ejor.2004.03.035},
	Issn = {03772217},
	Journal = {European Journal of Operational Research},
	Keywords = {adaptive cooling schedule,simulated annealing,thermal equilibrium,traveling salesman problem},
	Month = oct,
	Number = {1},
	Pages = {77--92},
	Title = {{A theoretical study on the behavior of simulated annealing leading to a new cooling schedule}},
	Volume = {166},
	Year = {2005},
	Bdsk-Url-1 = {http://dx.doi.org/10.1016/j.ejor.2004.03.035}}

@article{Trip84,
	Author = {A. Tripathy},
	Journal = MS,
	Number = {12},
	Pages = {1473--1489},
	Title = {School Timetabling -- {A} Case in Large Binary Integer Linear Programming},
	Volume = {30},
	Year = {1984}}

@article{Trip92,
	Author = {A. Tripathy},
	Journal = DAM,
	Number = {3},
	Pages = {313--323},
	Title = {Computerised Decision Aid for Timetabling - {A} Case Analysis},
	Volume = {35},
	Year = {1992}}

@article{Tsan98,
	Author = {Edward Tsang},
	Journal = AIJ,
	Note = {to appear},
	Title = {No more `partial' and `full looking ahead'},
	Year = {1998}}

@techreport{TsVo95,
	Address = {Colchester, UK},
	Author = {Edward Tsang and Chris Voudouris},
	Institution = {Department of Computer Science, University of Essex},
	Number = {CSM-246},
	Title = {Fast local search and guided local search and their application to british telecom's workforce scheduling},
	Year = {1995}}

@article{TuSM09,
	Author = {Turabieh, Hamza and Abdullah, Salwani and McCollum, Barry},
	Journal = {Lecture Notes In Artificial Intelligence; Vol. 5589},
	Keywords = {Electromagnetism-like mechanism,course timetabling,force decay rate great deluge},
	Pages = {497},
	Title = {{Electromagnetism-like Mechanism with Force Decay Rate Great Deluge for the Course Timetabling Problem}},
	Year = {2009}}

@article{UrRi06,
	Author = {Sebasti{\'a}n Urrutia and Ribeiro, Celso C.},
	Journal = DAM,
	Number = {13},
	Pages = {1932--1938},
	Title = {Mazimizing Breaks and Bounding Solutions to the Mirrored Traveling Tournament Problem},
	Volume = {154},
	Year = {2006}}

@book{VanH89,
	Author = {Van Hentenryck, Pascal},
	Publisher = {MIT Press},
	Title = {Constraint Satisfaction in Logic Programming},
	Year = {1989}}

@inproceedings{VanH91,
	Address = {San Francisco, CA},
	Author = {Van Hentenryck, Pascal},
	Booktitle = {{COMPCON-91}},
	Title = {{The CLP Language CHIP: Constraint Solving and Applications}},
	Year = {1991}}

@techreport{VaAL95,
	Address = {Eindhoven, NL},
	Author = {Rob Vaessens and Emile Aarts and Jan Karel Lenstra},
	Institution = {Eindhoven University of Technology},
	Number = {COSOR 92-11 (revised version)},
	Title = {A local search template},
	Year = {1995}}

@article{VaAL96,
	Author = {Rob Vaessens and Emile Aarts and Jan Karel Lenstra},
	Journal = JCI,
	Number = {3},
	Pages = {302--317},
	Title = {Job shop scheduling by local search},
	Volume = {8},
	Year = {1996}}

@article{VeAa95,
	Author = {M. G. A. Verhoeven and E. H. L. Aarts},
	Journal = JH,
	Pages = {43--65},
	Title = {Parallel Local Search},
	Volume = {1},
	Year = {1995}}

@article{Vest97,
	Author = {Kragelund, Lars V.},
	Journal = SPE,
	Number = {10},
	Pages = {1121--1134},
	Title = {Solving a Timetabling Problem using Hybrid Genetic Algorithms},
	Volume = {27},
	Year = {1997}}

@phdthesis{Voud97,
	Address = {ftp://ftp.essex.ac.uk/pub/csp/Voudouris-PhD97-pdf.zip},
	Author = {Christos Voudouris},
	Month = {April},
	School = {University of Essex},
	Title = {Guided Local Search for Combinatorial Optimisation Problems},
	Type = {PhD Thesis},
	Year = {1997}}

@article{Wall83,
	Author = {W. D. Wallis},
	Journal = {Journal of the Australian Mathematical Society},
	Pages = {289--291},
	Title = {A tournament problem},
	Volume = {Series {B} 24},
	Year = {1983}}

@book{WaSW72,
	Address = {New York},
	Author = {W. D. Wallis and A. P. Street and J. S. Wallis},
	Number = {292},
	Publisher = {Springer-Verlag},
	Series = {Lecture Notes in Mathematics},
	Title = {Combinatorics: Room Squares, Sum-Free Sets, Hadamard Matrices},
	Year = {1972}}

@misc{Wear95,
	Author = {R. Weare},
	Note = {Nottingham University, UK},
	Title = {Unpublished manuscript},
	Year = {1995}}

@article{Weih97,
	Author = {Weihe, Karsten},
	Journal = {ACM SIGPLAN Notices},
	Number = 10,
	Pages = {34--48},
	Title = {Reuse of Algorithms: Still a challenge to Object-Oriented Programming},
	Volume = 32,
	Year = 1997}

@conference{WeGa94,
	Address = {Zurich},
	Author = {Weinand, A. and Gamma, E.},
	Booktitle = {Proceedings of the UBILAB '94 Conference},
	Pages = {66--92},
	Title = {{ET++} - a Portable, Homogenous Class Library and Application Framework},
	Year = {1994}}

@article{Werr80,
	Annote = {competition},
	Author = {de Werra, D.},
	Journal = DAM,
	Pages = {327--337},
	Title = {Geography, Games and Graphs},
	Volume = {2},
	Year = {1980}}

@incollection{Werr81,
	Annote = {competition},
	Author = {de Werra, D.},
	Booktitle = {Studies on Graphs and Discrete Programming},
	Editor = {P. Hansen},
	Pages = {381--395},
	Publisher = {North Holland},
	Title = {Scheduling in Sports},
	Year = {1981}}

@article{Werr85,
	Author = {de Werra, D.},
	Journal = EJOR,
	Pages = {151--162},
	Title = {An Introduction to Timetabling},
	Volume = {19},
	Year = {1985}}

@article{Werr85b,
	Annote = {competition},
	Author = {de Werra, D.},
	Journal = {Networks},
	Pages = {125--136},
	Title = {On the Multiplication of Divisions: The Use of Graphs for Sports Scheduling},
	Volume = {15},
	Year = {1985}}

@article{Werr88,
	Annote = {competition matching flow},
	Author = {de Werra, D.},
	Journal = DAM,
	Pages = {47--65},
	Title = {Some Models of Graphs for Scheduling Sports Competitions},
	Volume = {21},
	Year = {1988}}

@article{Werr97,
	Author = {de Werra, D.},
	Journal = EJOR,
	Pages = {504--513},
	Title = {The combinatorics of timetabling},
	Volume = {96},
	Year = {1997}}

@article{WeJM90,
	Annote = {competition matching flow},
	Author = {de Werra, D. and L. Jacot-Descombes and P. Masson},
	Journal = DAM,
	Pages = {41--49},
	Title = {A Constrained Sports Scheduling Problem},
	Volume = {26},
	Year = {1990}}

@article{WeMa97,
	Author = {de Werra, D. and N. V. R. Mahadev},
	Journal = DAM,
	Pages = {93--101},
	Title = {Preassignment requirements in chromatic scheduling},
	Volume = {76},
	Year = {1997}}

@article{XuCG98,
	Author = {Jiefeng Xu and Steve Chiu and Fred Glover},
	Journal = ITOR,
	Number = {3},
	Pages = {233--244},
	Title = {Fine-tuning a Tabu Search Algorithm with Statistical Tests},
	Volume = {5},
	Year = {1998}}

@conference{YKNW94,
	Author = {Masazumi Yoshikawa and Kazuya Kaneko and Yuriko Nomura and Masanobu Watanabe},
	Booktitle = AAAI-94,
	Pages = {1111--1116},
	Title = {A constraint-based approach to high-school timetabling problems: a case study},
	Year = {1994}}

@article{YKYW96,
	Author = {Masazumi Yoshikawa and Kazuya Kaneko and Toru Yamanouchi and Masanobu Watanabe},
	Journal = {{IEEE} Expert},
	Number = {1},
	Pages = {63--72},
	Title = {A constraint-based high school scheduling system},
	Volume = {11},
	Year = {1996}}

@conference{YuOH94,
	Author = {Nobuhiro Yugami and Yuiko Ohta and Hirotaka Hara},
	Booktitle = AAAI-94,
	Pages = {344--349},
	Title = {Improving Repair-based Constraint Satisfaction Methods by Value Propagation},
	Year = {1994}}

@conference{ZhZh96,
	Address = {Portland, USA},
	Author = {Jian Zhang and Hantao Zhang},
	Booktitle = AAAI-96,
	Pages = {369--374},
	Publisher = {AAAI Press/MIT Press},
	Title = {Combining local search and backtracking techniques for constraint satisfaction},
	Year = {1996}}

@conference{ZhDi93,
	Author = {Wei Zhang and Thomas G. Dietterich},
	Booktitle = IJCAI-95,
	Pages = {1114--1120},
	Publisher = {Morgan Kaufmann},
	Title = {A reinforcement learning approach to job-shop scheduling},
	Year = {1995}}

@book{AaKo89,
	Address = {New York},
	Author = {Emile H. L. Aarts and Jan Korst},
	Nota = {Da recuperare},
	Publisher = {John Wiley \& Sons},
	Title = {Simulated Annealing and Boltzmann Machines},
	Year = {1989}}

@article{Akko73,
	Author = {E. A. Akkoyunlu},
	Journal = CJ,
	Nota = {Da recuperare},
	Number = {4},
	Pages = {347--350},
	Title = {A linear algorithm for computing the optimum university timetable},
	Volume = {16},
	Year = {1973}}

@article{ApBN60,
	Author = {J. S. Appleby and D. V. Blake and E. A. Newman},
	Journal = CJ,
	Pages = {237--245},
	Title = {Techniques for Producing School TImetables on a Computer and Their Application to Other Scheduling Problems},
	Volume = {3},
	Year = {1960}}

@article{ArLo89,
	Author = {T. Arani and V. Lotfi},
	Journal = {IIE Trans.},
	Nota = {Da recuperare},
	Pages = {86--96},
	Title = {A Three Phased Approach to Final Exam Scheduling},
	Volume = {21},
	Year = {1989}}

@article{AuFe89,
	Author = {J. Aubin and J. A. Ferland},
	Journal = COR,
	Nota = {Da recuperare},
	Number = {1},
	Pages = {67--77},
	Title = {A Large Scale Timetabling Problem},
	Volume = {16},
	Year = {1989}}

@article{BaWe78,
	Author = {A. Barham and J. Westwood},
	Journal = JORS,
	Nota = {Da recuperare},
	Pages = {1055--1060},
	Title = {A simple heuristic to facilitate course timetabling},
	Volume = {29},
	Year = {1978}}

@article{BeHB64,
	Author = {J. Berghuis and van der Heiden, A. and R. Bakker},
	Journal = {BIT},
	Nota = {Da recuperare},
	Pages = {106--114},
	Title = {The Preparation of School Time Tables by Elettronic Computer},
	Volume = {4},
	Year = {1964}}

@conference{BoGJ94,
	Author = {P. Boizumault and C. Gueret and N. Jussien},
	Booktitle = {Workshop on Constraint Languages and their use in Problem Modelling},
	Nota = {Da recuperare},
	Pages = {116--130},
	Title = {Efficient labelling and constraint relaxation for solving time tabling problems},
	Year = {1994}}

@article{Brel79,
	Author = {D. Br{\'e}laz},
	Journal = CACM,
	Nota = {Da recuperare},
	Pages = {251--256},
	Title = {New methods to color vertices of a graph},
	Volume = {22},
	Year = {1979}}

@article{Bres76,
	Author = {J. A. Breslaw},
	Journal = {Socio-{E}conomic Planning Science},
	Nota = {Da recuperare},
	Pages = {227--230},
	Title = {A linear programming solution to the faculty assignment problem},
	Volume = {10},
	Year = {1976}}

@article{CaSc91,
	Author = {M. {\v{C}}angalovi\'c and J. A. M. Schreuder},
	Journal = JOR,
	Nota = {Da recuperare},
	Number = {2},
	Pages = {248--258},
	Title = {Exact Coloring Algorithm for Weighted Graph Applied to Timetabling Problems with Lectures of Different Length},
	Volume = {51},
	Year = {1991}}

@article{Car86,
	Author = {Michael W. Carter},
	Journal = OR,
	Key = {examination scheduling, college examination scheduling},
	Month = {March--April},
	Number = {2},
	Pages = {193--202},
	Title = {A Survey of Practical Applications of Examination Timetabling Algorithms},
	Volume = {34},
	Year = {1986}}

@article{Cart89,
	Author = {M. W. Carter},
	Journal = {INFOR},
	Nota = {Da recuperare},
	Number = {2},
	Pages = {230--245},
	Title = {A lagrangean relaxation approach to the classroom assignment problem},
	Volume = {27},
	Year = {1989}}

@phdthesis{Chow91,
	Author = {Y.-W. Chow},
	Nota = {Da recuperare},
	School = {Univ. Wales, Swansea, UK},
	Title = {Comparison of some timetabling algorithms},
	Year = {1991}}

@article{CoMa88,
	Author = {C. L. Comm and D. F. X. Mathaisel},
	Journal = {Journal of Research on Computing in Education},
	Nota = {Da recuperare},
	Pages = {187--195},
	Title = {College Course Scheduling: {A} Market for Computer Software Support},
	Volume = {21},
	Year = {1988}}

@article{Crou84,
	Author = {J. S. Croucher},
	Journal = {OPSEARCH},
	Nota = {Da recuperare},
	Number = {3},
	Title = {A Goal Programming Model for Timetable Scheduling},
	Volume = {21},
	Year = {1984}}

@book{Davi91,
	Editor = {L. Davis},
	Nota = {Da recuperare},
	Publisher = {Van Nostrand Reinhold},
	Title = {Handbook of genetic algorithms},
	Year = {1991}}

@techreport{DeLU73,
	Author = {M. A. H. Dempster and D. G. Lethridge and A. M. Ulph},
	Institution = {Oxford University},
	Nota = {Da recuperare},
	Title = {School timetabling by computer -- a technical history},
	Year = {1973}}

@article{DuKR93,
	Author = {M. Duque-Ant\'on and D. Kunz and B. R{\"u}ber},
	Journal = {IEEE Transaction on Vehicular Technology},
	Number = {1},
	Pages = {14--21},
	Title = {Channel assignment for cellular radio using simulated annealing},
	Volume = {42},
	Year = {1993}}

@article{DrMu76,
	Author = {J. Dyer and J. M. Mulvey},
	Journal = MS,
	Nota = {Da recuperare},
	Pages = {1332--1341},
	Title = {The implementation of an integrated optimization/information system for academic departmental planning},
	Volume = {22},
	Year = {1976}}

@article{FeFl94,
	Author = {J. A. Ferland and C. W. Fleurent},
	Journal = Int,
	Nota = {Da recuperare},
	Number = {2},
	Pages = {105--115},
	Title = {{SAPHIR}: {A} Decision Support System for Course Scheduling},
	Volume = {24},
	Year = {1994}}

@article{FeHL96,
	Author = {Jacques A. Ferland and Alain Hertz and Alain Lavoie},
	Journal = {Operations Research},
	Number = {2},
	Pages = {347--359},
	Title = {An object-oriented methodology for solving assignment type problems with neighborhood search techniques},
	Volume = {44},
	Year = {1996}}

@incollection{FeRL86,
	Author = {J. A. Ferland and S. Roy and T. G. Loc},
	Booktitle = {O.R. Models on Microcomputers},
	Editor = {J. D. Coelho and L. V. Tavares},
	Nota = {Da recuperare},
	Pages = {97--103},
	Publisher = {North-Holland},
	Title = {The Timetabling Problem},
	Year = 1986}

@incollection{FlFe96,
	Author = {C. Fleurent and J. A. Ferland},
	Booktitle = {Cliques, Coloring, and Satisfiability. Second DIMACS Implementation Challenge},
	Editor = {David S. Johnson and Michael A. Trick},
	Pages = {619--652},
	Publisher = {American Mathematical Society},
	Series = {DIMACS Series in Discrete Mathematics and Theoretical Computer Science},
	Title = {Object-Oriented Implementation of Heuristic Search Methods for Graph Coloring, Maximum Clique, and Satisfiability},
	Volume = 26,
	Year = 1996}

@conference{Gian90,
	Author = {P. Gianolo},
	Booktitle = {Third International Workshop on Neural Networks \& Their Applications},
	Nota = {Da recuperare},
	Title = {Application of neural networks to timetable construction},
	Year = {1990}}

@conference{Gotl63,
	Author = {C. C. Gotlieb},
	Booktitle = {{IFIP} congress 62},
	Editor = {C. M. Popplewell},
	Nota = {Da recuperare},
	Pages = {73--77},
	Publisher = {North-Holland},
	Title = {The construction of class-teacher timetables},
	Year = {1963}}

@article{Hall93,
	Author = {Halld\'orsson, M. M.},
	Journal = IPL,
	Nota = {Da recuperare},
	Pages = {19--23},
	Title = {A still better performance guarantee for approximate graph coloring},
	Volume = {45},
	Year = {1993}}

@incollection{HaMl99,
	Author = {P. Hansen and N. Mladenovi{\'c}},
	Booktitle = {Meta-Heuristics: Advances and Trends in Local Search Paradigms for Optimization},
	Editor = {S. Vo{\ss} and S. Martello and I.H. Osman and C. Roucairol},
	Nota = {Da recuperare},
	Pages = {433--458},
	Publisher = {Kluwer Academic Publishers},
	Title = {An Introduction to Variable Neighbourhood Search},
	Year = {1999}}

@article{HaLa75,
	Author = {G. B. Harwood and R. W. Lawless},
	Journal = DS,
	Nota = {Da recuperare},
	Pages = {513--524},
	Title = {Optimizing Faculty Teaching Schedules},
	Volume = {6},
	Year = {1975}}

@article{HeWe87,
	Author = {A. Hertz and de Werra, D.},
	Journal = {Computing},
	Nota = {Da recuperare},
	Pages = {345--351},
	Title = {Using tabu search techniques for graph coloring},
	Volume = {39},
	Year = {1987}}

@article{HeWe89,
	Author = {A. Hertz and de Werra, D.},
	Journal = {Output},
	Nota = {Da recuperare},
	Pages = {53--56},
	Title = {Informatique et horaires scolaires},
	Volume = {12},
	Year = {1989}}

@article{Hilt81,
	Author = {A. J. W. Hilton},
	Journal = {Annals of Discrete Mathematics},
	Nota = {Da recuperare},
	Pages = {177--188},
	Title = {School Timetables},
	Volume = {11},
	Year = {1981}}

@inproceedings{JaLa87,
	Address = {Munich, Germany},
	Author = {J. Jaffar and J.-L. Lassez},
	Booktitle = {Proc.\ of the 14th ACM POPL Symposium},
	Nota = {Da recuperare},
	Title = {Constraint logic programming},
	Year = {1987}}

@article{JaMa94,
	Author = {Joxan Jaffar and Michael Maher},
	Journal = JLP,
	Pages = {503--581},
	Title = {Constraint logic programming: a Survey},
	Volume = {19/20},
	Year = {1994}}

@inproceedings{John74,
	Author = {D. S. Johnson},
	Booktitle = {Proc. of the 5th Southeastern Conf. on Combinatorics, Graph Theory, and Computing},
	Nota = {Da recuperare},
	Pages = {513--527},
	Publisher = {Utilitas Mathematica Publishing},
	Title = {Worst-case behavior of graph coloring algorithms},
	Year = {1974}}

@book{JoTr96,
	Editor = {Johnson, David S. and Trick, Michael A.},
	Publisher = {American Mathematical Society},
	Series = {DIMACS Series in Discrete Mathematics and Theoretical Computer Science},
	Title = {Cliques, Coloring, and Satisfiability. Second DIMACS Implementation Challenge},
	Volume = 26,
	Year = 1996}

@article{KiGV83,
	Author = {S. Kirkpatrick and Gelatt, Jr, C. D. and M. P. Vecchi},
	Journal = {Science},
	Nota = {Da recuperare},
	Pages = {671--680},
	Title = {Optimization by simulated annealing},
	Volume = {220},
	Year = {1983}}

@mastersthesis{Klei83,
	Author = {D. Klein},
	Nota = {Da recuperare},
	School = {Concordia university},
	Title = {The application of computerized solution techniques to the problem of timetabling in high schools and universities},
	Year = {1983}}

@incollection{Karp72,
	Address = {New York},
	Author = {R. Karp},
	Booktitle = {Complexity of Computer Science},
	Nota = {Da recuperare},
	Pages = {85--104},
	Publisher = {Plenum Press},
	Title = {Reducibility among Combinatorial problems},
	Year = {1972}}

@article{Kova93,
	Author = {M. Kovacic},
	Journal = EJOR,
	Nota = {Da recuperare},
	Number = {1},
	Pages = {92-96},
	Title = {Timebable construction with markovian neural network},
	Volume = {69},
	Year = {1993}}

@book{LaAa87,
	Author = {van Laarhoven, P. J. M. and E. H. L. Aarts},
	Nota = {Da recuperare},
	Publisher = {D. Reidel Publishing Company, Kluwer Academic Publishers Norwell, MA, USA},
	Title = {Simulated annealing: theory and applications},
	Year = {1987}}

@article{Leig79,
	Author = {F. T. Leighton},
	Journal = {J. Res. Natl. Bur. Standards},
	Nota = {Da recuperare},
	Pages = {489--506},
	Title = {A graph coloring algorithm for large scheduling problems},
	Volume = {84},
	Year = {1979}}

@conference{Ling92,
	Author = {Si-Eng Ling},
	Booktitle = {Parallel problem solving from nature, 2},
	Editor = {R. Manner and B. Manderick},
	Nota = {Da recuperare},
	Pages = {321--329},
	Title = {Integrating genetic algorithms with prolog assignment problem as a hybrid solution for the politechnic timetable problem},
	Year = {1992}}

@article{MaCo91,
	Author = {D. F. X. Mathaisel and C. L. Comm},
	Journal = {Journal of Systems and Software},
	Nota = {Da recuperare},
	Number = {2},
	Pages = {149--157},
	Title = {Course and Classroom Scheduling - an Interactive Computer-Graphics Approach},
	Volume = {15},
	Year = {1991}}

@article{McWe84,
	Author = {R. H. Mc{C}lure and C. E. Wells},
	Journal = DS,
	Nota = {Da recuperare},
	Pages = {409--420},
	Title = {A mathematical programming model for faculty course assignment},
	Volume = {15},
	Year = {1984}}

@article{MeGK91,
	Author = {A. Meisels and E. Gudes and T. Kuflik},
	Journal = KBS,
	Nota = {Da recuperare},
	Pages = {215--224},
	Title = {Limited-resource time-tabling by a generalized expert system},
	Volume = {4},
	Year = {1991}}

@article{MlHa97,
	Author = {N. Mladenovi{\'c} and P. Hansen},
	Journal = COR,
	Nota = {Da recuperare},
	Pages = {1097--1100},
	Title = {Variable Neighbourhood Search},
	Volume = {24},
	Year = {1997}}

@article{Monf86,
	Author = {A. Monfroglio},
	Journal = {{SIGART} Newsletter},
	Nota = {Da recuperare},
	Pages = {20--22},
	Title = {School time table scheduling in prolog},
	Volume = {96},
	Year = {1986}}

@article{Monf88,
	Author = {A. Monfroglio},
	Journal = DKE,
	Nota = {Da recuperare},
	Pages = {1--27},
	Title = {Time-tabling through a deductive database: {A} case study},
	Volume = {3},
	Year = {1988}}

@article{Monf96,
	Author = {A. Monfroglio},
	Journal = SPE,
	Nota = {Da recuperare},
	Number = {3},
	Pages = {251--279},
	Title = {Timetabling through constrained heuristic search and genetic algorithms},
	Volume = {26},
	Year = {1996}}

@article{OsWe83,
	Author = {R. Ostermann and de Werra, D.},
	Journal = ORS,
	Nota = {Da recuperare},
	Pages = {199--204},
	Title = {Some experiments with a timetabling system},
	Volume = {3},
	Year = {1983}}

@conference{PLCP94,
	Author = {Ben Paechter and H. Luchian and A. Cumming and M. Petruic},
	Booktitle = {{IEEE} Conference on Evolutionary Computation},
	Title = {Two solutions to the general timetable problem using evolutionary methods},
	Year = {1994}}

@article{PaPa79,
	Author = {D. B. Papoulias and J. C. Panayiotopoulos},
	Journal = EJOR,
	Nota = {Da recuperare},
	Pages = {382--385},
	Title = {Considerations on the Requirements Matrix of a Non-regular School Timetable Problem},
	Volume = {3},
	Year = {1979}}

@techreport{PCSD89,
	Author = {C. Petrie and R. Causey and D. Steiner and V. Dhar},
	Institution = {Microelectronics and Computer Technology Corporation},
	Number = {ACT-AI-020},
	Title = {A planning problem: revisable academic course scheduling},
	Year = {1989}}

@article{Sebo91,
	Author = {A. Sebo},
	Journal = {Computers and Mathematics with Application},
	Nota = {Da recuperare},
	Number = {1},
	Pages = {137--156},
	Title = {A Particular Timetabling Problem - Terminal Scheduling},
	Volume = {21},
	Year = {1991}}

@article{Seli83,
	Author = {S. M. Selim},
	Journal = {Computers \& Education},
	Nota = {Da recuperare},
	Pages = {101--108},
	Title = {An algorithm for producing course and lecture timetables},
	Volume = {7},
	Year = {1983}}

@article{Seli88,
	Author = {S. M. Selim},
	Journal = CJ,
	Nota = {Da recuperare},
	Number = 1,
	Pages = {76--82},
	Title = {Split Vertices in Vertex Colouring and Their Application in Developing a Solution to the Faculty Timetable Problem},
	Volume = 31,
	Year = 1988}

@article{ShSu77,
	Author = {W. Shin and J. A. Sullivan},
	Journal = DS,
	Nota = {Da recuperare},
	Pages = {711--721},
	Title = {Dynamic Course Scheduling for College Faculty via Zero-One Programming},
	Volume = 8,
	Year = 1977}

@article{SmSe74,
	Author = {G. Smith and I. M. Sefton},
	Journal = CACM,
	Nota = {Da recuperare},
	Pages = {196--197},
	Title = {On {L}ion's counter-example for {G}otlieb's method for the construction of school timetables},
	Volume = 17,
	Year = 1974}

@article{Swee85,
	Author = {Richard Sweet},
	Journal = {SIGPLAN Notices},
	Number = 7,
	Pages = {216--229},
	Title = {The {M}esa programming environment},
	Volume = 20,
	Year = 1985}

@article{UhSK69,
	Author = {K. H. Uhlemann and K. H. Sch{\"o}llkopf and B. A. Knauer},
	Journal = {Elektron. Datenverarbeitung},
	Nota = {Da recuperare},
	Pages = {119--131},
	Title = {Untersuchungen zum studentenplanproblem},
	Volume = 11,
	Year = 1969}

@inproceedings{Vinc84,
	Address = {Copenhagen},
	Author = {P. Vincke},
	Booktitle = {TIMS XXVI},
	Nota = {Da recuperare},
	Title = {Timetabling in {B}elgium: a survey},
	Year = {1984}}

@book{VMOR99,
	Editor = {S. Vo{\ss} and S. Martello and I.H. Osman and C. Roucairol},
	Nota = {Da recuperare},
	Publisher = {Kluwer Academic Publishers},
	Title = {Meta-Heuristics: Advances and Trends in Local Search Paradigms for Optimization},
	Year = 1999}

@book{VoWo02,
	Address = KAP-addr,
	Editor = {S. Vo\ss{} and D. L. Woodruff},
	Publisher = KAP,
	Series = {Operations Research/Computer Science Interfaces series},
	Title = {Optimization Software Class Libraries},
	Year = 2002}

@article{WePo67,
	Author = {D. J. A. Welsh and M. B. Powell},
	Journal = CJ,
	Nota = {Da recuperare},
	Pages = {85--86},
	Title = {An upper bound to the chromatic number of a graph and its application to timetabling problems},
	Volume = {10},
	Year = {1967}}

@article{Werr71,
	Author = {de Werra, D.},
	Journal = {Canadian Journal of Operational Research and Information Processing},
	Nota = {Da recuperare},
	Pages = {12--23},
	Title = {Construction of school timetables by flow methods},
	Volume = {9},
	Year = {1971}}

@article{Werr78,
	Author = {de Werra, D.},
	Journal = {INFOR},
	Nota = {Da recuperare},
	Number = {1},
	Pages = {90--92},
	Title = {Some Comments on a Note About Timetabling},
	Volume = {16},
	Year = {1978}}

@article{Werr97b,
	Author = {de Werra, D.},
	Journal = {Discrete Mathematics},
	Pages = {161--170},
	Title = {Restricted Coloring Models for Timetabling},
	Volume = {165},
	Year = {1997}}

@article{WhHa83,
	Author = {G. M. White and M. Haddad},
	Journal = CE,
	Nota = {Da recuperare},
	Number = {4},
	Pages = {41--47},
	Title = {An Heuristic Method for Optimizing Examination Schedules Which Have Day and Night Courses},
	Volume = {7},
	Year = {1983}}

@article{WhWo83,
	Author = {G. M. White and K. S. W. Wong},
	Journal = CE,
	Nota = {Da recuperare},
	Number = {4},
	Pages = {521--529},
	Title = {Interactive timetabling in universities},
	Volume = {12},
	Year = {1988}}

@conference{WoNg90,
	Address = {Hong Kong},
	Author = {K. H. Wong and W. Y. Ng},
	Booktitle = {Int. Conf. in System Management},
	Nota = {Da recuperare},
	Pages = {307--313},
	Title = {An Interactive Timetabling Support System},
	Year = {1990}}

@inproceedings{PuLe95,
	Author = {Jean-Fran\c{c}ois Puget and Michel Leconte},
	Booktitle = {Proc.\ of the 1995 International Symposium on Logic Programming},
	Pages = {513--527},
	Title = {Beyond the Glass Box: Constraints as Objects},
	Year = {1995}}

@misc{ILOG98,
	Author = {Ilog},
	Howpublished = {Available at \url{http://www.ilog.com}},
	Organization = {ILOG, Inc.},
	Title = {{ILOG} Optimization Suite --- White Paper},
	Year = {1998}}

@book{CLNS97,
	Address = {Milan},
	Author = {Marco Cadoli and Maurizio Lenzerini and Paolo Naggar and Andrea Schaerf},
	Note = {In Italian},
	Publisher = {Citt\`a{\it Studi}Edizioni di UTET Libreria},
	Title = {Fondamenti della progettazione dei programmi. Princ\`{\i}pi, tecniche e loro applicazioni in C++},
	Year = 1997}

@book{CLPS98,
	Address = {Milan},
	Author = {Marco Cadoli and Maurizio Lenzerini and Emanuele Panizzi and Andrea Schaerf},
	Note = {In Italian},
	Publisher = {Citt\`a{\it Studi}Edizioni di UTET Libreria},
	Title = {Esercizi di progettazione di programmi in C++},
	Year = 1998}

@book{horo-sahn-78,
	Address = {London},
	Author = {E. Horowitz and S. Sahni},
	Publisher = {Pitman},
	Title = {Fundamentals of Computer Algorithms},
	Year = {1978}}

@manual{MeNU96,
	Author = {K. Mehlhorn and S. N{\"a}her and C. Uhrig},
	Note = {{V}ersion {R 3.4.1}, {A}vailable on the {I}nternet at the address {\tt ftp.mpi-sb.mpg.de}},
	Title = {The {LEDA} User Manual},
	Year = {1996}}

@book{GHJV94,
	Address = AWPC-addr,
	Author = {E. Gamma and R. Helm and R. Johnson and J. Vlissides},
	Publisher = AW,
	Title = {Design Patterns, Elements of Reusable Object-Oriented Software},
	Year = {1994}}

@techreport{DKTVV96,
	Address = {P.O. Box 1738, 3000 DR Rotterdam, The Netherlands},
	Author = {{de Bruin}, A. and Kindervater, G.A.P. and Trienekens, H.W.J.M. and {van der Goot}, R.A. and {van Ginkel}, W.},
	Institution = {Erasmus University, Department of Computer Science},
	Number = {EUR-FEW-CS-96-10},
	Title = {An obiect oriented approach to generic branch and bound},
	Year = 1996}

@article{Wood69,
	Author = {D. Wood},
	Journal = CJ,
	Key = {graph coloring, timetabling, historical},
	Pages = {317--319},
	Title = {A technique for coloring a graph applicable to large scale time-tabling problems},
	Volume = {12},
	Year = {1969}}

@misc{lista-applicazioni,
	Author = {Google Directory},
	Howpublished = {URL: {\small\url{http://directory.google.com/Top/Computers/Software/Educational/Administration_and_School_Management/Scheduling_Utilities}{}}},
	Key = {google},
	Note = {Viewed: May, 2004},
	Title = {Scheduling Utilities}}

@incollection{DoHa98,
	Author = {R. Dorne and J. Hao},
	Booktitle = {Parallel Problem Solving from Nature - PPSN V, 5th International Conference},
	Editor = {A. E. Eiben and Thomas B\"ack and Marc Schoenauer and Hans-Paul Schwefel},
	Keywords = {graph coloring problem, evolutionary algorithms},
	Optaddress = {Berlin, Germany},
	Opturl = {citeseer.nj.nec.com/dorne98new.html},
	Pages = {745--754},
	Publisher = SV,
	Series = {Lecture Notes in Computer Science},
	Title = {A New Genetic Local Search Algorithm for Graph Coloring},
	Volume = 1498,
	Year = {1998}}

@book{Mon05,
	Author = {D. C. Montgomery},
	Edition = {sixth},
	Publisher = JWS,
	Title = {Design and Analysis of Experiments},
	Year = {2005}}

@book{Con99,
	Address = {New York, USA},
	Author = {W.J.~Conover},
	Edition = {third},
	Publisher = JWS,
	Title = {Practical Nonparametric Statistics},
	Year = {1999}}

@techreport{Bei03,
	Author = {Thomas Bartz-Beielstein},
	Institution = {Universit\"at Dortmund},
	Number = {Reihe CI 157/03, SFB 531},
	Title = {Experimental Analysis of Evolution Strategies -- Overview and Comprehensive Introduction},
	Year = {2003}}

@book{Mont95,
	Author = {Doublas C. Montgomery},
	Edition = {5th edition},
	Isbn = {0471316490},
	Publisher = {John Wiley & Sons},
	Title = {Design and Analysis of Experiments},
	Year = {2000}}

@inproceedings{WhSm04,
	Author = {Ian Whittley and George Smith},
	Booktitle = {4$^th$ EU/ME Workshop on Design and Evaluation of Advanced Hybrid Meta-Heuristics},
	Title = {Evaluating some Lesser Used Features of the Tabu Search Algorithm},
	Year = {2004}}

@book{Ripley,
	Address = {Berlin},
	Author = {W. N. Venables and B. D. Ripley},
	Edition = {fourth},
	Publisher = {Springer-Verlag},
	Title = {Modern Applied Statistics with {S}},
	Year = {2002}}

@incollection{Mor02,
	Author = {B.M.E. Moret},
	Key = {experimental analysis},
	Note = {In \cite{JoTr96}},
	Pages = {197--213},
	Title = {Towards a discipline of experimental algorithmics}}

@article{Hoo94,
	Author = {J. N. Hooker},
	Journal = {Operations Research},
	Number = {2},
	Pages = {201--212},
	Title = {Needed: An empirical science of algorithms},
	Volume = {42},
	Year = {1996}}

@article{minton,
	Author = {S. Minton and M.D. Johnston and A.B. Philips and P. Laird},
	Journal = {Artificial Intelligence},
	Number = {1-3},
	Opturl = {citeseer.nj.nec.com/minton93minimizing.html},
	Pages = {161-205},
	Title = {Minimizing Conflicts: A Heuristic Repair Method for Constraint Satisfaction and Scheduling Problems},
	Volume = {58},
	Year = {1992}}

@inproceedings{Chiara,
	Address = {Vienna, Austria},
	Author = {M. Chiarandini and D. Basso and T. St{\"u}tzle},
	Booktitle = {MIC2005: The Sixth Metaheuristics International Conference},
	Editor = {Karl F. Doerner and Michel Gendreau and Peter Greistorfer and Walter J. Gutjahr and Richard F. Hartl and Marc Reimann},
	Month = {August},
	Title = {Statistical methods for the comparison of stochastic optimizers},
	Year = {2005}}

@article{RadUzs01,
	Author = {Ronald L. Rardin and Reha Uzsoy},
	Journal = {Journal of Heuristics},
	Number = {3},
	Pages = {261--304},
	Title = {Experimental Evaluation of Heuristic Optimization Algorithms: A Tutorial},
	Volume = {7},
	Year = {2001}}

@book{Breiman,
	Author = {Leo Breiman},
	Publisher = {Wadsworth},
	Title = {Classification and regression trees},
	Year = {1984}}

@techreport{Bart04,
	Author = {Thomas Bartz-Beielstein},
	Institution = {Universit\"at Dortmund},
	Number = {Reihe CI 157/03, SFB 531},
	Title = {Experimental Analysis of Evolution Strategies -- Overview and Comprehensive Introduction},
	Year = {2003}}

@article{akaike,
	Author = {H. Akaike},
	Journal = {IEE Transactions on Automatic Control},
	Title = {A new look at statistical model identification},
	Volume = {AU-19},
	Year = {1974}}

@article{FleFer96:aor,
	Author = {C. Fleurent and J. Ferland},
	Journal = AOR,
	Keywords = {graph coloring problem, evolutionary algorithms},
	Pages = {437--464},
	Title = {Genetic and Hybrid Algorithms for Graph Coloring},
	Volume = 63,
	Year = 1996}

@article{GalHao99,
	Author = {P. Galinier and J. Hao},
	Journal = {Journal of Combinatorial Optimization},
	Keywords = {graph coloring problem, evolutionary algorithms},
	Number = {4},
	Opturl = {citeseer.nj.nec.com/galinier99hybrid.html},
	Pages = {379--397},
	Title = {Hybrid evolutionary algorithms for graph coloring},
	Volume = {3},
	Year = {1999}}

@book{BoxDraper,
	Author = {George Box and Norman Draper},
	Publisher = {Wiley series in probability and mathematical statistics},
	Title = {Empirical model-building and response surfaces},
	Year = {1987}}

@article{MaOF92,
	Author = {Martin, O. C. and Otto, S. W. and Felten, E.W.},
	Journal = ORL,
	Pages = {219--224},
	Title = {Large-Step Markov Chains for the {TSP}: Incorporating Local Search Heuristics},
	Volume = {11},
	Year = {1992}}

@book{VHMi05,
	Address = {Cambridge (MA), USA},
	Author = {Van Hentenryck, P. and Michel, L.},
	Date-Added = {2007-03-24 11:25:32 +0100},
	Date-Modified = {2007-05-23 15:00:27 +0200},
	Isbn = {978-0-262-22077-4},
	Publisher = {MIT Press},
	Title = {Constraint-Based Local Search},
	Year = {2005}}

@inproceedings{DiRS07,
	Author = {Di Gaspero, Luca and Roli, Andrea and Schaerf, Andrea},
	Booktitle = {Engineering Stochastic Local Search Algorithms (SLS-2007)},
	Editor = {St\"{u}tzle, Thomas and Birattari, Mauro and Hoos, Holger},
	Number = {4683},
	Pages = {76--90},
	Publisher = SV,
	Series = LNCS,
	Title = {\textsc{EasyAnalyzer}: an object-oriented framework for the experimental analysis of stochastic local search algorithms},
	Year = {2007}}

@book{Wu:Hama:expe:2000,
	Author = {Wu, Chien-Fu and Hamada, Michael},
	Cisid = {221273},
	Isbn = {0-471-25511-4},
	Pages = {630},
	Publisher = {John Wiley \& Sons},
	Title = {Experiments: Planning, Analysis, and Parameter Design Optimization},
	Year = {2000}}

@manual{R08,
	Address = {Vienna, Austria},
	Author = {{R Development Core Team}},
	Organization = {R Foundation for Statistical Computing},
	Title = {R: A Language and Environment for Statistical Computing},
	Url = {http://www.R-project.org},
	Year = {2008},
	Bdsk-Url-1 = {http://www.R-project.org}}

@inproceedings{BCGJ07,
	Author = {Bang-Jensen, J{\o}rgen and Chiarandini, Marco and Goegebeur, Yuri and J{\o}rgensen, Bent},
	Booktitle = {Engineering Stochastic Local Search Algorithms (SLS-2007)},
	Editor = {St\"{u}tzle, Thomas and Birattari, Mauro and Hoos, Hlger},
	Number = 4638,
	Pages = {91--105},
	Publisher = SV,
	Series = LNCS,
	Title = {Mixed models for the analysis of local search components},
	Year = {2007}}

@inproceedings{DBLP:conf/gecco/RidgeK07a,
	Author = {Enda Ridge and Daniel Kudenko},
	Bibsource = {DBLP, http://dblp.uni-trier.de},
	Booktitle = {GECCO},
	Crossref = {DBLP:conf/gecco/2007},
	Ee = {http://doi.acm.org/10.1145/1276958.1276994},
	Pages = {180},
	Title = {Screening the parameters affecting heuristic performance},
	Year = {2007}}

@proceedings{DBLP:conf/gecco/2007,
	Bibsource = {DBLP, http://dblp.uni-trier.de},
	Booktitle = {GECCO},
	Editor = {Hod Lipson},
	Isbn = {978-1-59593-697-4},
	Publisher = {ACM},
	Title = {Genetic and Evolutionary Computation Conference, GECCO 2007, Proceedings, London, England, UK, July 7-11, 2007},
	Year = {2007}}

@techreport{MMBPQ07,
	Author = {McCollum, Barry and McMullan, Paul and Burke, Edmund K. and Parkes, Andrew J. and Qu, Rong},
	Institution = {Queen's University, Belfast (UK)},
	Month = {September},
	Number = {QUB/IEEE/Tech/ITC2007/Exam/v4.0/17},
	Title = {The Second International Timetabling Competition: Examination Timetabling Track},
	Year = {2007}}

@article{MSPM10,
	Author = {Barry McCollum and Andrea Schaerf and Ben Paechter and Paul McMullan and Rhyd Lewis and Parkes, Andrew J. and Di Gaspero, Luca and Rong Qu and Burke, Edmund K.},
	Journal = {{INFORMS} Journal on Computing},
	Number = {1},
	Pages = {120--130},
	Title = {Setting the Research Agenda in Automated Timetabling: The Second International Timetabling Competition},
	Volume = {22},
	Year = {2010}}

@techreport{csplib,
	Author = {Gent, I. P. and T. Walsh},
	Institution = {APES-09-1999},
	Note = {Available from \url{http://csplib.cs.strath.ac.uk/}. A shorter version appears in the Proceedings of the 5th International Conference on Principles and Practices of Constraint Programming (CP-99), pp. 480-481, Springer-Verlag, Lecture Notes in Computer Science 1713, 1999.},
	Title = {{CSPL}ib: a benchmark library for constraints},
	Year = 1999}

@inproceedings{HnKW02,
	Author = {B. Hnich and Z. K{\i}z{\i}ltan and T. Walsh},
        Booktitle = {Proceedings of the Fourth International Workshop on Integration of AI and OR Techniques in Constraint Programming for Combinatorial Optimisation Problems (CP-AI-OR'02)},	Pages = {121-131},
	Title = {Modelling a balanced academic curriculum problem},
        Editor = {Narendra Jussien and Fran{\c c}ois Laburthe},
	Year = {2002}}

@inproceedings{CaMa01,
	Author = {Carlos Castro and Sebastian Manzano},
	Booktitle = {6th Workshop of the ERCIM Working Group on Constraints},
	Title = {Variable and Value Ordering When Solving Balanced Academic Curriculum Problems},
	Year = {2001}}

@inproceedings{CaCM07,
	Author = {Carlos Castro and Broderick Crawford and Eric Monfroy},
	Booktitle = {Human Interface and the Management of Information. Interacting in Information Environments},
	Isbn = {978-3-540-73353-9},
	Pages = {279-288},
	Publisher = {Springer},
	Series = {Lecture Notes in Computer Science},
	Title = {A Quantitative Approach for the Design of Academic Curricula},
	Volume = {4558},
	Year = {2007}}

@inproceedings{LCMS06,
	Author = {Tony Lambert and Carlos Castro and Eric Monfroy and Fr{\'e}d{\'e}ric Saubion},
	Booktitle = {Artificial Intelligence and Soft Computing - ICAISC 2006},
	Isbn = {3-540-35748-3},
	Pages = {410-419},
	Publisher = {Springer},
	Series = {Lecture Notes in Computer Science},
	Title = {Solving the Balanced Academic Curriculum Problem with an Hybridization of Genetic Algorithm and Constraint Propagation},
	Volume = {4029},
	Year = {2006}}

@article{AEOP02,
	Author = {Ahuja, R. and Ergun, {\"O} and Orlin, J. and Punnen, A.},
	Journal = DAM,
	Pages = {75--102},
	Title = {A survey of very-large-scale neighborhood search techniques},
	Volume = {123},
	Year = {2002}}

@book{Ryan07,
	Author = {Ryan, Thomas P.},
	Publisher = JWS,
	Title = {Modern Experimental Design},
	Year = {2007}}

@article{CaSc05,
	Author = {Marco Cadoli and Andrea Schaerf},
	Journal = AIJ,
	Number = {1-2},
	Pages = {89-120},
	Title = {Compiling problem specifications into {SAT}},
	Volume = {162},
	Year = {2005}}

@inproceedings{NuKy08,
	Author = {Nurmi, Kimmo and Kyng\"as, Jari},
	Booktitle = PATAT-2008-onsite,
	Editor = {E. Burke and M. Gendreau},
	Title = {A Conversion Scheme for Turning Curriculum-based Timetabling Problem into School Timetabling Problem},
	Year = {2008}}

@inproceedings{Mull08,
	Author = {M\"uller, Tom\'a\v{s}},
	Booktitle = PATAT-2008-onsite,
	Editor = {E. Burke and M. Gendreau},
	Title = {{ITC2007} Solver Description: A Hybrid Approach},
	Year = {2008}}

@article{BMPR10b,
title = "Decomposition, reformulation, and diving in university course timetabling",
journal = COR,
volume = "37",
number = "3",
pages = "582--597",
year = "2010",
issn = "0305-0548",
doi = "DOI: 10.1016/j.cor.2009.02.023",
author = "Burke, E. K. and Mare\v{c}ek, J. and Parkes, A. J. and Rudov\'a, H.",
}


@inproceedings{BMPR08b,
	Author = {Burke, E. K. and Mare\v{c}ek, J. and Parkes, A. J. and Rudov\'a, H.},
	Booktitle = PATAT-2008-onsite,
	Editor = {E. Burke and M. Gendreau},
	Title = {A branch-and-cut procedure for the {U}dine corse timetabling},
	Year = {2008}}

@inproceedings{DBLP:conf/wea/LachL08,
	Author = {Gerald Lach and Marco E. L{\"u}bbecke},
	Bibsource = {DBLP, http://dblp.uni-trier.de},
	Booktitle = {WEA},
	Crossref = {DBLP:conf/wea/2008},
	url = {http://dx.doi.org/10.1007/978-3-540-68552-4_18},
	Pages = {235-248},
	Title = {Optimal University Course Timetables and the Partial Transversal Polytope},
	Year = {2008}}

@proceedings{DBLP:conf/wea/2008,
	Bibsource = {DBLP, http://dblp.uni-trier.de},
	Booktitle = {WEA},
	Editor = {Catherine C. McGeoch},
	Isbn = {978-3-540-68548-7},
	Publisher = {Springer},
	Series = {Lecture Notes in Computer Science},
	Title = {Experimental Algorithms, 7th International Workshop, WEA 2008, Provincetown, MA, USA, May 30-June 1, 2008, Proceedings},
	Volume = {5038},
	Year = {2008}}

@inproceedings{LaLu08,
	Author = {Lach, Gerald and L\"ubbecke, Marco},
	Booktitle = PATAT-2008-onsite,
	Editor = {E. Burke and M. Gendreau},
	Title = {Curriculum Based Course Timetabling: Optimal Solutions to the {U}dine Benchmark Instances},
	Year = {2008}}

@article{LaLu12,
	Author = {Lach, Gerald and L\"ubbecke, Marco},
	journal = AOR,
	Title = {Curriculum based course timetabling: new solutions to  {U}dine benchmark instances},
	Year = {2012},
        volume = 194,
        number = 1,
        pages = {255-272},
        url = {http://dx.doi.org/10.1007/s10479-010-0700-7}

}

@article{Mull09,
	Author = {M\"uller, Tom\'a\v{s}},
	Journal = AOR,
	Number = 1,
	Pages = {429--446},
	Title = {{ITC2007} solver description: a hybrid approach},
	Volume = 172,
	Year = 2009}

@Article{HaBe11,
  author = 	 {Jin-Kao Hao and Una Benlic},
  title = 	 {Lower Bounds for the {ITC-2007} Curriculum-Based Course Timetabling Problem},
  journal = 	 EJOR,
  year = 	 {2011},
  url = "http://dx.doi.org/10.1016/j.ejor.2011.02.019",
  volume = 212,
  number = 3,
  issn = {0377-2217},
  pages = {464--472},
}

@inproceedings{Geig08,
	Author = {Geiger, Martin Josef},
	Booktitle = PATAT-2008-onsite,
	Editor = {E. Burke and M. Gendreau},
	Title = {An Application of the Threshold Accepting Metaheuristic for Curriculum Based Course Timetabling},
	Year = {2008}}

@inproceedings{ClHL08,
	Author = {Clark, Michael and Henz, Martin and Love, Bruce},
	Booktitle = PATAT-2008-onsite,
	Editor = {E. Burke and M. Gendreau},
	Title = {QuikFix - A Repair-based Timetable Solver},
	Year = {2008}}

@inproceedings{ChFH08,
	Author = {Chiarandini, Marco and Fawcett, Chris and Hoos, Holger},
	Booktitle = PATAT-2008-onsite,
	Editor = {E. Burke and M. Gendreau},
	Title = {A Modular Multiphase Heuristic Solver for Post Enrolment Course Timetabling},
	Year = {2008},
        pages = {1--6}
}

@inproceedings{CHOP08,
	Author = {Cambazard, Hadrien and Hebrard, Emmanuel and O'Sullivan, Barry and Papadopoulos, Alexandre},
	Booktitle = PATAT-2008-onsite,
	Editor = {E. Burke and M. Gendreau},
	Title = {Local Search and Constraint Programming for the Post-Enrolment-based Course Timetabling Problem},
	Year = 2008}

@inproceedings{MNCR08,
	Author = {Alfred Mayer and Clemens Nothegger and Andreas Chwatal and G{\"u}nther Raidl},
	Booktitle = PATAT-2008-onsite,
	Editor = {E. Burke and M. Gendreau},
	Title = {Solving the Post Enrolment Course Timetabling
Problem by Ant Colony Optimization},
	Year = 2008, 
        Pages = {1-13}
}

@article{CHOP10,
	Affiliation = {University College Cork Cork Constraint Computation Centre, Department of Computer Science Cork Ireland},
	Author = {Cambazard, Hadrien and Hebrard, Emmanuel and O'Sullivan, Barry and Papadopoulos, Alexandre},
	Issn = {0254-5330},
	Journal = AOR,
	Keyword = {Computer Science},
	Pages = {1-25},
	Publisher = {Springer Netherlands},
	Title = {Local search and constraint programming for the post enrolment-based course timetabling problem},
	Url = {http://dx.doi.org/10.1007/s10479-010-0737-7},
	Year = {2010},
	Bdsk-Url-1 = {http://dx.doi.org/10.1007/s10479-010-0737-7}}

@article {BeDS12,
   author = {Bellio, Ruggero and Di Gaspero, Luca and Schaerf, Andrea},
   title = {Design and statistical analysis of a hybrid local search algorithm for course timetabling},
   journal = JS,
   publisher = {Springer Netherlands},
   issn = {1094-6136},
   keyword = {Computer Science},
   url = {http://dx.doi.org/10.1007/s10951-011-0224-2},
   year = {2012},
   volume = 15,
   number = 1,
   pages = "49-61"
}

@inproceedings{DiSc08,
	Author = {Di Gaspero, Luca and Schaerf, Andrea},
	Booktitle = {5th Int.\ Workshop on Hybrid Metaheuristics (HM-2008)},
	Date-Modified = {2010-10-25 23:42:18 +0200},
	Editor = {Blesa Aguilera, M.J. and Blum, C. and Cotta, C. and Fern{\'a}ndez Leiva, A.J. and Gallardo Ruiz, J.E. and Roli, A. and Sampels, M.},
	Pages = {146-157},
	Publisher = {Springer},
	Series = LNCS,
	Title = {Hybrid Local Search Techniques for the Generalized Balanced Academic Curriculum Problem},
	Volume = {5296},
	Year = {2008}}

@article{LuHa09,
	Author = {Zhipeng L\"u and Jin-Kao Hao},
	Doi = {DOI: 10.1016/j.ejor.2008.12.007},
	Issn = {0377-2217},
	Journal = EJOR,
	Number = {1},
	Pages = {235 -- 244},
	Title = {Adaptive Tabu Search for Course Timetabling},
	Volume = {200},
	Year = 2009,
	Bdsk-Url-1 = {http://dx.doi.org/10.1016/j.ejor.2008.12.007}}

@misc{CDGS09,
	Author = {Chiarandini, Marco and Di Gaspero, Luca and Gualandi, Stefano and Schaerf, Andrea},
	Howpublished = {Available from \url{http://www.optimization-online.org/DB_HTML/2009/12/2506.html}},
	Month = {December},
	Note = {Submitted for publication to a journal},
	Title = {The Balanced Academic Curriculum Problem Revisited},
	Year = {2009}}

@article{CDGS11,
	Author = {Chiarandini, Marco and Di Gaspero, Luca and Gualandi, Stefano and Schaerf, Andrea},
	Title = {The Balanced Academic Curriculum Problem Revisited},
	Year = {2011},
        journal = JH,
   pages = {1-30},
        note = {http://dx.doi.org/10.1007/s10732-011-9158-2}
}

@inproceedings{MSCH07,
	Author = {J.N. Monette and P. Schaus and S. Zampelli and Y. Deville and P. Dupont},
	Booktitle = {Symcon'07, The Seventh International Workshop on Symmetry and Constraint Satisfaction Problems},
	Editor = {B. Benhamou and B.Y. Choueiry and B. Hnich},
	Month = {23/09/2007},
	Title = {A {CP} Approach to the Balanced Academic Curriculum Problem},
	Year = {2007}}

@article{BMMPQ07,
	Author = {Edmund K. Burke and Barry McCollum and Amnon Meisels and Sanja Petrovic and Rong Qu},
	Journal = EJOR,
	Number = {1},
	Pages = {177--192},
	Title = {A graph-based hyper-heuristic for educational timetabling problems},
	Volume = {176},
	Year = {2007}}

@article{DeDV09,
	Author = {De Causmaecker, Patrick and Peter Demeester and Vanden Berghe, Greet},
	Journal = EJOR,
	Number = {1},
	Pages = {307--318},
	Title = {A decomposed metaheuristic approach for a real-world university timetabling problem},
	Volume = {195},
	Year = {2009}}

@article{DGKMSS07,
	Author = {Di Gaspero, Luca and Johannes G{\"a}rtner and Guy Kortsarz and Nysret Musliu and Andrea Schaerf and Wolfgang Slany},
	Journal = AOR,
	Number = {1},
	Pages = {79-105},
	Title = {The minimum shift design problem},
	Volume = {155},
	Year = {2007}}

@article{LePa07,
	Author = {R. Lewis and B. Paechter},
	Journal = {IEEE Transactions on Evolutionary Computation},
	Number = 3,
	Pages = {397-413},
	Title = {Finding feasible timetables using group-based operators},
	Volume = 11,
	Year = 2007}

@inproceedings{LePa05,
	Author = {R. Lewis and B. Paechter},
	Booktitle = {Fifth International Conference on Evolutionary Computation in Combinatorial Optimisation (EvoCop 2005)},
	Editor = {G. Raidl and Gottlieb, J.},
	Number = 3448,
	Pages = {144--153},
	Publisher = {Springer},
	Series = LNCS,
	Title = {Application of the Grouping Genetic Algorithm to University Course Timetabling},
	Year = 2005}

@techreport{LePM07,
	Author = {Rhyd Lewis and Ben Paechter and Barry McCollum},
	Institution = {Cardiff University, Wales, UK},
	Title = {Post Enrolment based Course Timetabling: A Description of the Problem Model used for Track Two of the Second International Timetabling Competition},
	Year = 2007}

@article{BuPe02,
	Author = {Burke, Edmund K. and Petrovic, Sanja},
	Journal = EJOR,
	Number = 2,
	Pages = {266--280},
	Title = {Recent research directions in automated timetabling},
	Volume = 140,
	Year = 2002}

@article{Lewi08,
	Author = {Rhydian Lewis},
	Journal = {OR Spectrum},
	Number = 1,
	Pages = {167-190},
	Title = {A survey of metaheuristic-based techniques for University Timetabling problems},
	Volume = 30,
	Year = 2008}

@incollection{PeBu04,
	Author = {Petrovic, Sanja and Burke, Edmund K.},
	Booktitle = {Handbook of Scheduling: Algorithms, Models, and Performance Analysis},
	Chapter = 45,
	Editor = {Leung, Joseph Y-T.},
	Publisher = {Chapman \& Hall/CRC},
	Title = {University timetabling},
	Year = 2004}

@article{CiLu07,
	Author = {Cioppa, Thomas M. and Lucas, Thomas W.},
	Journal = {Technometrics},
	Number = 1,
	Pages = {45--55},
	Title = {Efficient nearly orthogonal and space-filling latin hypercubes},
	Volume = 49,
	Year = 2007}

@article{LiZC11,
	Author = {Yongkai Liu and Defu Zhang and Francis Chin},
	Journal = {Optimization Methods and Software},
	Title = {A clique-based algorithm for constructing feasible timetables},
	Year = 2011,
        volume = 26,
        number = 2,
        pages = {281--294},
        annote = {http://dx.doi.org/10.1080/10556781003664739}
        }

@inproceedings{TuBM07,
	Author = {Mauritsius Tuga and Regina Berretta and Alexandre Mendes},
	Booktitle = {6th {IEEE/ACIS} International Conference on Computer and Information Science (ICIS 2007)},
	Pages = {400 -- 405},
	Title = {A Hybrid Simulated Annealing with Kempe Chain Neighborhood for the University Timetabling Problem},
	Year = 2007}

@misc{cplex12,
	Author = {{IBM ILOG}},
	Howpublished = {\url{http://www-01.ibm.com/software/integration/optimization/cplex-optimizer/}},
	Note = {v. 12.1},
	Title = {{CPLEX} {O}ptimizer},
	Year = 2009}

@article{HHLS09,
	Author = {Frank Hutter and Hoos, Holger and Leyton-Brown, Kevin and St\"utzle, Thomas},
	Journal = JAIR,
	Pages = {267--306},
	Title = {Param{ILS}: An Automatic Algorithm Configuration Framework},
	Volume = 36,
	Year = 2009}

@book{BYBS10,
address = {Berlin},
author = {Birattari, Mauro and Yuan, Z. and Balaprakash, P. and St{\"u}tzle, Thomas},
booktitle = {Experimental methods for the analysis of optimization algorithms},
pages = {311--336},
publisher = {Springer},
title = {{F-Race and iterated F-race: An overview}},
year = {2010}
}
% isbn = {3642025374},

@InProceedings{SMLo11,
  author = 	 {Smith-Miles, K. A. and Lopes, L.},
  title = 	 {Generalising Algorithm Performance in Instance Space: A timetabling case study},
  booktitle = {Learning and Intelligent Optimization (LION 2011)},
	Publisher = {Springer},
	Series = LNCS,
  pages = 	 {524--538},
  year = 	 {2011},
  number = 6683,
  editor = "Coello Coello, C. A."
}


@article{CDGS12,
  author = {Ceschia, Sara and Di Gaspero, Luca and Schaerf, Andrea},
  title = {Design, Engineering, and Experimental Analysis of a Simulated Annealing Approach to the Post-Enrolment Course Timetabling Problem},
  journal = {Computers \& Operations Research},
  issn = {0305-0548},
  doi = {10.1016/j.cor.2011.09.014},
  year = {2012},
  volume = 39,
  issue = 7,
  pages = "1615--1624"
}

@article{SMLo12,
author = {Smith-Miles, Kate and Lopes, Leo},
doi = {10.1016/j.cor.2011.07.006},
issn = {03050548},
journal = {Computers \& Operations Research},
month = may,
number = {5},
pages = {875--889},
publisher = {Elsevier},
title = {Measuring instance difficulty for combinatorial optimization problems},
volume = {39},
year = {2012}
}

@book{Deb2001,
author = {Deb, Kalyanmoy},
isbn = {978-0-471-87339-6},
pages = {518},
publisher = {Wiley Subscription Services, Inc., A Wiley Company},
title = {Multi-Objective Optimization using Evolutionary Algorithms},
year = {2001}
}

@Book{Schr98,
  author =	 {Schrijver, A.},
  title = 	 {Theory of Linear and Integer Programming},
  publisher = 	 {John Wiley \& Sons},
  year = 	 {1998},
}

@Article{CaMT04,
  author = 	 {S. Cahon and N. Melab and E.-G. Talbi},
  title = 	 {ParadisEO: A framework for the reusable design of parallel and distributed metaheuristics},
  journal = 	 {Journal of Heuristics},
  year = 	 2004,
  volume =	 10,
  number =	 3,
  pages =	 {357-380}
}

@incollection{DiSc07a,
	Author = {Di Gaspero, Luca and Schaerf, Andrea},
	Booktitle = {Engineering Stochastic Local Search Algorithms. Designing, Implementing and Analyzing Effective Heuristics, International Workshop, SLS 2007, Brussels, Belgium, September 6-8, 2007, Proceedings},
	Editor = {St\"{u}tzle, Thomas and Birattari, Mauro and Hoos, Holger H.},
series = LNCS,
	Number = {4683},
	Pages = {177--181},
	Publisher = {Springer Verlag},
	Title = {\textsc{EasySyn++}: A Tool for Automatic Synthesis of Stochastic Local Search Algorithms},
	Year = {2007}}


@InProceedings{Hoos99,
  author = 	 {Hoos, H. H.},
  title = 	 {On the run-time behaviour of stochastic local search algorithms for {SAT}},
  booktitle = 	 {Proc. of the 16th National Conf. on Artificial Intelligence (AAAI-99)},
  pages =	 {661-666},
  year =	 1999,
  address =	 {Menlo Park, USA},
  publisher =	 {AAAI Press/MIT Press}
}



@InCollection{FRPT99,
  author = 	 {C. Fonlupt and D. Robilliard and P. Preux and E.-G. Talbi},
  title = 	 {Fitness landscapes and performance of metaheuristic},
  booktitle = 	 {Metaheuristics - Advances and Trends in Local Search Paradigms for Optimization},
  pages =	 {255-266},
  publisher =	 {Kluwer Academic Publishers},
  year =	 1999,
  chapter =	 18
}

@Book{HaMS11,
  editor =	 {Y. Hamadi and E. Monfroy and F. Saubion},
  title = 	 {Autonomous Search},
  publisher = 	 {Springer},
  year = 	 2011
}

@article{ATMM10,
year={2012},
issn={1381-1231},
journal={Journal of Heuristics},
volume={18},
number={1},
doi={10.1007/s10732-010-9154-y},
title={A hybrid metaheuristic approach to the university course timetabling problem},
publisher={Springer US},
keywords={Dynamic force decay rate; Great deluge algorithm; Electromagnetism-like mechanism; Course timetabling},
author={Abdullah, Salwani and Turabieh, Hamza and McCollum, Barry and McMullan, Paul},
pages={1-23},
language={English}
}
% url={http://dx.doi.org/10.1007/s10732-010-9154-y},


@article{AsAc12,
author = {{As\'{\i}n Ach\'{a}}, Roberto and Nieuwenhuis, Robert},
doi = {10.1007/s10479-012-1081-x},
issn = {0254-5330},
journal = {Annals of Operations Research},
month = feb,
title = {{Curriculum-based course timetabling with SAT and MaxSAT}},
url = {http://www.springerlink.com/index/10.1007/s10479-012-1081-x},
year = {2012}
}

@article{BMPR12,
year={2012},
journal={Annals of Operations Research},
volume={194},
issue={1},
title={A branch-and-cut procedure for†the†Udine Course Timetabling problem},
author={Burke, Edmund K. and Mare{\v{c}}ek, Jakub and Parkes, Andrew J. and Rudov{\'a}, Hana},
pages={71-87},
language={English}
}

@article{WTLH97,
    author = {Wong, Tien-Tsin and Luk, Wai-Shing and Heng, Pheng-Ann},
    doi = {10.1080/10867651.1997.10487471},
    issn = {1086-7651},
    journal = {Journal of Graphics Tools},
    month = jan,
    number = {2},
    pages = {9--24},
    title = {{Sampling with Hammersley and Halton Points}},
    url = {http://www.tandfonline.com/doi/abs/10.1080/10867651.1997.10487471},
    volume = {2},
    year = {1997}
}

@conference{LoMi10,
  author = {Leo Lopes and Kate Smith-Miles},
  title = {Pitfalls in Instance Generation for {U}dine Timetabling},
  booktitle = {Proceedings of the LION4 Conference},
  year = {2010}
}

@article{LuJG11,
  title={Neighborhood analysis: a case study on curriculum-based course timetabling},
  author={L{\"u}, Zhipeng and Hao, Jin-Kao and Glover, Fred},
  journal={Journal of Heuristics},
  volume={17},
  number={2},
  pages={97--118},
  year={2011},
  publisher={Springer}
}

@inproceedings{ShSa09,
  title={Incorporating great deluge approach with kempe chain neighbourhood structure for curriculum-based course timetabling problems},
  author={Shaker, Khalid and Abdullah, Salwani},
  booktitle={Data Mining and Optimization, 2009. DMO'09. 2nd Conference on},
  pages={149--153},
  year={2009},
  organization={IEEE}
}

@inproceedings{Geig09,
  title={Multi-criteria curriculum-based course timetabling -- a comparison of a weighted sum and a reference point based approach},
  author={Geiger, Martin Josef},
  booktitle={Evolutionary Multi-Criterion Optimization},
  pages={290--304},
  year={2009},
  organization={Springer}
}
@article{MuWa13,
  title={Fairness in Academic Course Timetabling},
  author={M{\"u}hlenthaler, Moritz and Wanka, Rolf},
  journal={arXiv preprint arXiv:1303.2860},
  year={2013}
}

@article{json2run,
    title={json2run: a tool for experiment design \& analysis},
    author={Urli, Tommaso},
    journal={arXiv preprint arXiv:1305.1112},
    year={2013}
}

@article{Wong97,
    author = {Wong, Tien-Tsin and Luk, Wai-Shing and Heng, Pheng-Ann},
    doi = {10.1080/10867651.1997.10487471},
    issn = {1086-7651},
    journal = {Journal of Graphics Tools},
    month = jan,
    number = {2},
    pages = {9--24},
    title = {{Sampling with Hammersley and Halton Points}},
    url = {http://www.tandfonline.com/doi/abs/10.1080/10867651.1997.10487471},
    volume = {2},
    year = {1997}
}

@article{Hoos12,
  title={Programming by optimization},
  author={Hoos, Holger H.},
  journal={Communications of the ACM},
  volume={55},
  number={2},
  pages={70--80},
  year={2012},
  publisher={ACM}
}

@incollection{Pisinger2010,
  title={Large neighborhood search},
  author={Pisinger, David and Ropke, Stefan},
  booktitle={Handbook of metaheuristics},
  pages={399--419},
  year={2010},
  publisher={Springer}
}

@incollection{CiDD12,
	Author = {Cipriano, Raffaele and Di Gaspero, Luca and Dovier, Agostino},
	Booktitle = {Hybrid Metaheuristics},
	Date-Added = {2012-08-08 14:39:03 +0000},
	Date-Modified = {2013-06-28 10:30:38 +0000},
	Doi = {10.1007/978-3-642-30671-6\_15},
	Pages = {389--414},
	Publisher = {Springer Verlag},
	Series = {Studies in Computational Intelligence},
	Title = {A Multi-paradigm Tool for Large Neighborhood Search},
	Url = {http://dx.medra.org/10.1007/978-3-642-30671-6_15},
	Volume = 434,
	Year = 2012,
	Bdsk-Url-1 = {http://dx.medra.org/10.1007/978-3-642-30671-6_15},
	Bdsk-Url-2 = {http://dx.doi.org/10.1007/978-3-642-30671-6_15}
}